1795 3262
326 130 418 177 180*
723 141 1320 175 c.sUE'r0N11

318 275 405 318 per
426 274 509 304 sex
530 252 707 304 menses
728 259 1015 302 ordinarium
1044 257 1194 314 gessit.
1263 259 1546 318 Evenitque,
1583 269 1634 305 ut
1662 261 1714 307 in

320 345 374 371 eo
398 329 494 388 ipse
518 329 598 372 Cn.
615 329 842 385 Domitio,
880 327 1003 386 patri
1016 327 1235 384 Neronis,
1270 329 1549 388 ipsiSalvius
1563 330 1711 389 Otho,

318 408 454 458 pater
494 398 721 455 Othonis,
772 398 1066 451 succederet,
1113 398 1242 440 velut
1275 400 1562 457 praesagium
1593 401 1714 444 inse-

320 468 500 525 quentis
527 484 681 524 casus,
722 483 811 524 quo
844 466 1020 509 medius
1049 466 1171 509 inter
1208 467 1445 526 utriusque
1476 469 1594 513 filios
1629 485 1712 512 ex-

316 537 435 580 stitit
460 538 734 596 Imperator.
805 534 852 578 A
886 536 997 595 Cajo
1040 535 1233 578 Caesare
1273 536 1514 581 Gaetulico
1547 540 1713 587 substi-

315 614 462 664 tutus,
512 605 734 666 postridie
767 620 904 661 quam
953 606 1008 648 ad
1048 606 1251 662 legiones
1296 608 1450 659 venit,
1495 608 1711 651 sollemni

310 675 432 719 forte
455 676 720 736 spectaculo
739 675 1007 733 plaudentes
1035 674 1264 732 inhibuit,
1304 677 1406 719 data
1426 685 1624 732 tessera,
1657 685 1713 721 ut

312 761 483 789 mamas
515 745 734 804 paenulis
766 745 1071 789 continerent.
1150 744 1407 805 Statimque
1436 762 1523 806 per
1560 756 1711 791 castra

302 815 526 874 jactatum
552 824 633 870 est,

376 885 540 939 Disce,
568 885 715 942 mzles,
743 884 968 938 militare,
997 883 1152 928 Galba
1176 893 1260 941 est,
1294 900 1386 928 non
1408 885 1704 930 Gaetalecas

305 954 416 997 Pari
447 954 693 998 severitate
728 954 976 996 inteidixit
1012 963 1292 998 commeatus
1326 955 1440 1014 peti.
1510 955 1709 998 Vetera-

304 1040 417 1067 num
439 1039 490 1066 ac
517 1024 719 1067 tironem
743 1022 942 1066 militem
972 1039 1112 1082 opere
1136 1025 1313 1067 assiduo
1348 1024 1705 1067 corroboravit:

302 1102 577 1150 matureque
599 1094 834 1150 barbaris,
871 1092 948 1151 qui
968 1093 1062 1151 jam
1095 1093 1144 1135 in
1174 1093 1376 1136 Galliam
1411 1109 1559 1150 usque
1595 1109 1707 1152 pro-

299 1172 554 1221 ruperant,
587 1163 829 1219 coe‘rcitis,
863 1163 1096 1221 praesenti
1121 1177 1303 1220 quoque
1331 1163 1444 1221 Cajo
1477 1163 1618 1206 talem
1656 1170 1704 1205 et

295 1249 343 1276 se
372 1242 417 1275 et
440 1233 698 1275 exercitum
724 1231 1031 1290 approbavit,
1069 1239 1121 1274 ut
1144 1232 1266 1275 inter
1289 1233 1556 1276 innumeras
1591 1247 1705 1275 con·

293 1373 390 1410 eules
420 1383 542 1413 erant,
566 1372 634 1421 qui
659 1370 741 1407 Kal.
771 1373 852 1411 Jan.
880 1370 1145 1420 magistratum
1173 1369 1407 1418 auspicantes
1434 1383 1577 1406 nomen
1603 1383 1701 1408 anno

296 1429 444 1465 dabant.
494 1430 930 1477 Opp011u11tursz4ffectz'.

391 1488 455 1522 Cn.
476 1488 654 1530 Domitio]
707 1488 854 1531 Cnejum
886 1498 1119 1534 praenomen
1150 1497 1238 1520 cum
1257 1486 1434 1521 Ernestio
1460 1499 1479 1521 e
1500 1486 1644 1523 Neron.
1666 1499 1698 1524 ι.

293 1555 330 1581 et
346 1544 463 1580 Fastis
483 1544 594 1590 posui
612 1556 681 1591 pro
708 1548 833 1579 Lucio.
885 1543 992 1579 Otho
1017 1543 1060 1578 in
1085 1541 1219 1577 multis
1248 1542 1386 1578 vitiose
1403 1545 1537 1579 Silvius
1554 1557 1592 1580 v.
1615 1546 1701 1593 Syl-

294 1608 374 1639 vius
393 1603 548 1638 dicitur.

389 1662 592 1705 Gaetulico]
645 1658 829 1694 Restituit
853 1657 927 1693 hoc
945 1669 1088 1692 nomen
1113 1656 1272 1692 Turneb.
1294 1656 1448 1693 Advers.
1474 1665 1508 1701 5,
1530 1668 1564 1693 2.
1587 1660 1697 1703 et224,

293 1725 375 1763 41„
404 1731 524 1766 quum
552 1717 644 1752 libri
673 1716 731 1751 nil
760 1716 838 1750 nisi
859 1726 1035 1763 corrupta
1056 1713 1271 1749 exhibeant.
1320 1714 1506 1750 Diximus
1528 1715 1573 1750 de
1599 1720 1698 1751 Gae-

293 1780 404 1813 tulico
430 1775 477 1811 ad
504 1774 626 1824 Calig.
649 1780 684 1818 8.
711 1784 747 1809 et
777 1772 907 1809 Claud.
929 1786 962 1821 9.
1020 1771 1161 1808 Galbae
1186 1771 1397 1825 imperium
1426 1772 1468 1806 in
1496 1772 1698 1808 Germania

295 1844 511 1871 memorant
530 1838 602 1868 Dio
624 1832 678 1873 60,
707 1838 742 1875 3.
766 1830 810 1866 ad
831 1844 862 1866 a.
882 1837 964 1879 794.
989 1831 1105 1876 τούτῳ
1143 1831 1192 1875 τῷ
1226 1828 1293 1865 ε”τει
1325 1830 1341 1865 ὃ
1363 1828 1514 1874 Γάλβας
1541 1830 1695 1868 ὄΣουλ-

295 1893 409 1936 πῖκιος
434 1890 602 1933 Χᾶττους
631 1889 814 1935 ἐκράτησε.
863 1890 959 1925 Plut.
987 1887 1013 1922 l.
1034 1901 1064 1923 c.
1095 1887 1241 1933 λέγεται
1271 1887 1307 1922 δὲ
1336 1885 1397 1921 καὶ
1427 1887 1697 1934 στρατεύματος

293 1951 328 1987 ἓν
359 1950 541 1995 Γερμανίᾳ
568 1951 686 1991 καλῶς
712 1946 831 1993 ἄρξαι.
897 1946 986 1980 Tac.
1008 1947 1057 1980 H.
1081 1958 1112 1988 1,
1148 1951 1206 1993 49.
1242 1944 1373 1988 „dum
1401 1944 1557 1992 vigebat
1583 1957 1693 1990 aetas,

291 2007 455 2043 militari
486 2006 596 2041 laude
628 2005 725 2053 apud
745 2005 964 2040 Germanias
983 2003 1166 2040 floruit.“
1215 2000 1470 2037 Substitutum
1494 2001 1692 2038 Gaetulico

291 2079 323 2101 a.
342 2067 388 2100 U.
406 2075 486 2112 792.
518 2063 610 2109 Cajo
633 2065 682 2099 11.
709 2072 746 2097 et
770 2064 817 2098 L.
839 2062 1006 2111 Apronio
1030 2062 1109 2098 Css.
1125 2087 1135 2104 ,
1173 2069 1295 2096 censet
1318 2060 1472 2107 Pighius
1488 2059 1531 2095 A.
1554 2061 1598 2096 T.
1617 2062 1687 2098 111.

288 2124 476 2216 P·56(8&·1ta
516 2182 669 2226 tessera]
741 2179 814 2213 Int.
846 2190 911 2226 per
941 2176 1138 2219 libellum,
1183 2184 1226 2210 ut
1255 2172 1430 2222 loquitur
1457 2171 1550 2209 Tib.
1579 2186 1611 2212 c.
1634 2181 1693 2225 ²8?

285 2240 412 2280 Wolf.

385 2302 510 2339 Disce,
540 2296 656 2342 mzles]
708 2296 870 2336 Versus,
902 2292 1027 2342 quales
1053 2292 1216 2340 legimus
1235 2289 1340 2324 Caes.
1364 2296 1425 2333 5¹·
1445 2300 1481 2326 et
1499 2295 1581 2335 80„
1610 2301 1690 2326 tam

289 2371 425 2409 parum
446 2365 568 2390 metio
588 2352 808 2394 adstrictos,
838 2362 881 2387 ut
900 2352 938 2387 h.
963 2352 1074 2387 etiam
1096 2350 1124 2384 l.
1151 2363 1230 2386 non
1258 2348 1488 2385 admittenda
1513 2348 1689 2384 videatur

291 2414 505 2455 emendatio
527 2408 735 2448 Dorvillii·
766 2412 899 2453 Galba,
926 2425 996 2445 non
1018 2409 1278 2450 Gaetula-'m
1308 2420 1400 2456 quae
1424 2419 1470 2441 ex
1490 2416 1591 2455 parte
1611 2419 1691 2443 me-

289 2476 399 2512 detur
429 2471 611 2508 numeris.
670 2471 789 2506 Antea
814 2475 913 2506 Sext.
932 2471 1099 2506 Aurelius
1116 2466 1220 2516 Epit.
1249 2479 1280 2502 c.
1306 2465 1360 2502 6..
1399 2464 1552 2509 „Disce
1579 2462 1694 2498 mili--

283 2543 381 2576 tare,
412 2529 522 2566 miles
541 2530 664 2577 sequst

383 2590 420 2625 p
423 2599 608 2625 eteranum
626 2599 671 2621 ac
689 2588 856 2632 tzronem]
906 2587 1030 2624 Vanae
1048 2593 1134 2619 sunt
1155 2580 1386 2630 suspiciones
1405 2579 1450 2615 de
1470 2576 1682 2627 corruptela

284 2649 363 2686 loci
383 2645 593 2684 Burmanni
617 2655 652 2680 et
671 2643 847 2681 Oudend.
895 2641 1146 2677 Emolliverat
1164 2649 1288 2675 totum
1319 2637 1523 2673 exercitum
1548 2637 1683 2672 Gaetu·

282 2705 401 2749 licus,
427 2731 451 2749 „
465 2705 601 2740 effusae
618 2701 852 2743 clementiae,
879 2700 1053 2736 modicus
1073 2697 1300 2734 severitate⁴‘
1327 2706 1371 2731 ut
1393 2701 1477 2732 Tac.
1497 2696 1541 2733 A.
1558 2695 1592 2739 6,
1611 2703 1681 2739 δα,

288 2764 387 2801 unde
408 2763 580 2798 universa
598 2759 741 2796 medela
761 2771 868 2808 opus.

371 2822 560 2870 praesenti
581 2831 717 2868 qaoque
739 2818 847 2865 Caso]
870 2828 908 2855 v.
929 2813 1053 2864 Calig.
1076 2819 1134 2859 43·
1159 2815 1233 2850 Dio
1250 2817 1385 2862 59..21.
