1859 3278
406 113 1108 159 VESPASIANUS.
1373 122 1468 184 28]

63 246 291 289 ron-‘isque
313 238 358 273 et
379 230 626 290 panificia,
665 241 715 277 ut
739 234 835 278 illic
860 239 1042 298 assolet,
1082 242 1308 290 Basilides
1335 249 1474 296 liber-

62 313 137 349 tus
173 301 389 346 obtulisse
428 300 468 343 ei
506 301 628 347 visus
666 313 757 350 est:
797 322 932 364 quem
970 325 1118 370 neque
1160 317 1412 365 admissum
1446 336 1474 368 a

65 388 325 432 quoquam,
364 372 522 429 etjam
558 373 741 432 pridem
776 387 972 438 propter
1006 398 1261 429 nervorum
1298 392 1476 436 valetu-

65 443 221 488 dinem
246 440 328 484 vix
357 440 565 501 ingredi,
605 445 834 504 longeque
856 449 1035 509 abesse,
1073 457 1326 502 constabat.
1398 461 1476 506 Ao

59 511 218 557 statim
241 512 470 556 advenere
496 513 686 572 literae,
722 516 844 561 fusas
869 521 991 580 apud
1017 522 1297 572 Cremonam
1325 529 1476 575 Vitel-

59 581 118 627 lii
160 582 340 641 copias,
378 581 535 643 ipsum
574 585 622 628 in
648 584 776 630 Urbe
812 588 1150 652 interemtum,
1186 599 1477 646 nunciantes,

58 650 338 698 Auctoritas
364 661 410 697 et
435 654 563 714 quasi
584 657 795 716 majestas
818 662 1073 724 quaedam,
1110 675 1163 712 ut
1193 668 1374 716 scilicet
1406 673 1478 717 in·

155 828 337 863 Basilides
367 828 536 878 libertus]
597 831 763 870 Diverse
789 848 871 872 rem
903 851 1029 878 narrat
1052 846 1142 879 Tac.
1160 850 1194 890 4,
1226 846 1283 882 82.
1316 846 1481 891 „Altior

61 884 152 922 inde
178 886 286 933 (post
322 886 578 930 miraculum,
617 889 662 926 de
691 903 768 940 quo
796 895 1000 935 Suetonius
1026 903 1222 950 proxime)
1245 905 1479 955 Vespasiano

61 943 205 992 cupido
228 942 395 979 adeundi
416 957 559 980 sacram
582 947 720 992 sedem,
748 961 791 986 ut
811 965 922 1003 super
939 956 1051 994 rebus
1071 960 1228 1010 imperii
1248 964 1479 1004 consulent.

60 1002 192 1039 Arceri
212 1000 357 1049 templo
378 1003 669 1050 cunctosjubet.
697 1017 808 1057 atque
830 1012 1021 1062 ingressus
1044 1017 1289 1069 intentusque
1308 1023 1480 1068 numini,

60 1059 230 1107 respexit
260 1070 360 1108 pone
379 1069 528 1108 tergum
550 1077 570 1097 e
579 1067 805 1109 primoribus
820 1069 1085 1120 Aegyptiorum
1104 1082 1246 1114 nomine
1267 1083 1456 1119 Basiliden
1463 1098 1482 1125 ;

61 1128 178 1165 quem
200 1114 338 1164 procul
358 1115 586 1154 Alexandria
605 1120 780 1170 plurium
803 1124 953 1164 dierum
975 1131 1113 1169 itinere
1133 1146 1169 1171 et
1189 1150 1300 1186 aegro
1320 1151 1483 1189 corpore,

62 1172 227 1209 detineri
251 1173 354 1209 haud
372 1175 586 1224 ignorabat·
633 1181 901 1222 percunctatur
928 1190 1161 1236 sacerdotes,

63 1230 252 1267 Basilides
281 1232 468 1281 templum
499 1234 661 1272 inisset?
696 1252 962 1288 percunctatur
994 1247 1155 1294 obvios,

65 1289 174 1327 visus
203 1288 283 1326 sit?
339 1290 520 1339 denique,
561 1294 692 1330 missis
717 1298 931 1346 equitibus,
968 1304 1159 1353 explorat,
1195 1310 1265 1348 illo
1299 1315 1484 1364 temporis

65 1358 268 1385 momento
296 1349 494 1396 octogiuta
521 1349 700 1388 millibus
731 1368 913 1402 passuum
943 1362 1096 1401 afuisse.
1157 1368 1268 1406 Tunc
1307 1371 1486 1408 divinam

66 1405 233 1453 speeiem
257 1415 293 1439 et
312 1405 396 1439 vim
414 1408 587 1454 responsi
606 1421 651 1444 ex
669 1414 829 1450 nomine
846 1420 1023 1456 Basilidis
1044 1422 1312 1475 interpretatus
1333 1435 1490 1467 est.“-·

68 1460 148 1509 Qui
171 1463 381 1499 accuratius
411 1462 518 1500 locos
550 1473 847 1516 comparaverit,
877 1474 1087 1516 dissensum
1120 1487 1351 1533 scriptorum
1380 1489 1491 1526 inve·

67 1518 172 1556 nexit
193 1532 340 1556 necesse
365 1532 419 1556 est
438 1521 541 1557 nulla
561 1526 824 1565 emendatione
852 1535 1139 1575 conciliandum
1154 1570 1163 1584 ,

73 1576 167 1612 dum
198 1577 269 1620 iis,
312 1581 382 1627 qui
410 1580 640 1617 turbulentis
665 1587 924 1635 temporibus,

1193 1209 1290 1231 num
1318 1196 1388 1234 illo
1419 1199 1483 1236 die

1190 1266 1286 1290 num
1319 1254 1365 1292 in
1391 1256 1489 1295 utha

1191 1556 1311 1593 neque
1341 1548 1488 1583 miran-

959 1605 1002 1630 ut
1027 1599 1192 1644 nostris,
1219 1615 1425 1640 rumorum
1451 1616 1489 1642 et

68 1634 300 1673 nan-ationis
317 1636 574 1673 diversitatem
601 1647 848 1690 cognoverit,
876 1651 1026 1696 qualem
1056 1656 1097 1692 in
1122 1660 1407 1708 interpretando
1437 1673 1493 1699 et-

69 1692 149 1730 iam
171 1693 356 1729 Suetonio
374 1692 539 1731 subinde
559 1697 920 1750 demonstravimus,
949 1715 1130 1763 exemplis
1149 1717 1358 1754 illustravit
1377 1722 1490 1756 [γαί-

68 1753 164 1787 elzer-
185 1749 347 1786 Observ.
367 1767 404 1800 p.
424 1766 481 1803 29.
515 1758 642 1795 Vanae
669 1758 791 1807 igitur
820 1767 1104 1808 emendationes
1131 1776 1284 1810 Heinsii
1311 1778 1490 1815 liberatus

75 1924 275 1961 Torrentii
308 1924 472 1976 denique
504 1941 540 1964 et
559 1926 773 1972 Elii-manni
800 1941 960 1975 sementi

963 1956 1003 1982 a,
1042 1945 1110 1993 qui
1138 1948 1370 1994 ejiciendum
1401 1965 1492 1992 voc.

76 1983 235 2017 libertus
257 1995 495 2022 censuerunt.

546 1989 679 2025 Utrius
697 2002 822 2028 autem
843 1998 1042 2047 scriptoris
1066 2005 1198 2042 verior
1224 2010 1394 2046 narratio
1424 2012 1490 2053 sit,

74 2040 162 2088 quis
197 2039 359 2085 dixerit,
398 2057 516 2091 quum
552 2046 745 2084 dubitatio
773 2056 937 2101 supersit
974 2059 1019 2094 de
1055 2064 1216 2102 veritate
1255 2068 1491 2117 utriusque?

75 2097 267 2141 Ernestii‚
301 2101 570 2139 Suetonianam
596 2107 860 2153 praeferentis.
889 2117 1076 2162 quoniam
1106 2132 1244 2157 notum
1273 2124 1490 2173 hominem,

74 2157 247 2191 libertum
265 2157 379 2201 adeo,
408 2160 539 2197 oflerri
561 2165 791 2213 Vespasiano
813 2181 960 2209 necesse
977 2175 1095 2212 fuerit
1116 2179 1161 2214 ad
1187 2181 1489 2234 intelligendum

77 2213 305 2262 augurium,
336 2216 439 2252 nulla
462 2231 515 2255 est
534 2222 651 2266 ratio,
678 2237 798 2272 quum
814 2233 1009 2274 primorem
1029 2235 1144 2271 etiam
1166 2242 1353 2276 Basiliden
1373 2243 1495 2278 notis.-

77 2271 223 2314 ¹simum
248 2273 283 2307 ei
305 2272 431 2318 fuisse,
464 2278 617 2315 Tacitus
636 2281 842 2329 perhibeat.
891 2289 1044 2335 Nescio,
1072 2306 1118 2329 an
1134 2294 1220 2344 plus
1239 2296 1489 2337 tribuendum

80 2341 299 2366 commento
322 2331 575 2385 Catmegieterc'
598 2338 642 2373 de
662 2353 758 2377 mut.
779 2344 892 2379 Rom.
913 2360 1018 2387 nom.
1036 2352 1106 2386 sub
1126 2353 1250 2390 Princ.
1274 2357 1421 2392 ratione
1451 2371 1490 2406 p.

79 2396 139 2431 70.
164 2386 208 2421 de
227 2389 347 2424 servis
367 2402 403 2425 et
424 2392 573 2430 libertis
591 2398 765 2434 Deorum
781 2427 792 2443 ,
814 2402 963 2449 qualem
985 2407 1197 2454 Basiliden,
1223 2414 1384 2449 eundem
1403 2430 1492 2462 geu-

84 2444 133 2479 tis
166 2457 250 2479 suae
279 2448 514 2495 primorem,
543 2452 660 2490 fuisse
691 2468 808 2504 putat.
858 2462 1044 2500 Difficiles
1072 2467 1141 2502 hae
1167 2481 1253 2504 sunt
1284 2484 1429 2519 nugae,
1456 2484 1493 2509 et

81 2501 285 2549 improbus
313 2505 354 2539 iu
385 2507 433 2542 iis
462 2508 589 2553 labor,
618 2525 637 2545 a
668 2526 743 2561 quo
776 2516 964 2557 abstinere
991 2525 1107 2560 satius
1135 2538 1209 2567 est,
1235 2540 1354 2574 quum
1388 2529 1494 2565 nihil

83 2558 233 2596 efficiat.
283 2562 460 2600 Ceterum
482 2568 571 2604 haec
589 2576 721 2606 omma
750 2586 770 2608 e
797 2579 1021 2615 rumoribus
1053 2582 1094 2615 in
1124 2582 1302 2620 historias
1332 2589 1492 2637 venisse,

82 2616 173 2652 inde
205 2632 356 2668 quoque
389 2635 514 2669 patere
543 2627 717 2670 videtur,
752 2636 856 2679 quod
882 2635 1016 2673 Tacito
1031 2648 1065 2682 2,
1098 2649 1157 2685 73.
1187 2642 1352 2679 Carmeli
1379 2645 1494 2683 etiam

85 2677 230 2711 montis
252 2681 421 2714 sacerdos
437 2686 620 2721 Basilides
645 2687 796 2725 dicitur.

181 2744 221 2767 ut
240 2738 393 2784 scilicet]
445 2742 580 2785 jejuna
599 2747 807 2791 geminatio
828 2752 1121 2799 particularum,
1148 2756 1212 2790 cui
1233 2757 1408 2796 medetur
1433 2773 1498 2798 co,-

90 2786 162 2822 dex
181 2791 399 2839 Torrentii,
428 2798 520 2845 qui,
547 2800 648 2837 salva
667 2807 893 2844 auctoritate
909 2809 1013 2850 viri,
1037 2810 1122 2847 dat:
1147 2823 1190 2847 ut
1212 2818 1316 2854 solet.
