1859 3278
526 195 1031 231 CLAUDIUS.
1423 188 1487 236 45

85 317 211 379 quasi
231 316 364 361 venia
389 315 508 373 data,
548 316 788 375 quisquam
815 315 1040 360 dimicare
1066 317 1231 361 vellet:
1270 319 1350 362 diu
1378 337 1489 364 cun-

83 398 255 445 etatus,
294 403 353 430 an
378 403 536 430 omnes
576 387 674 444 igni
706 388 922 444 :ferroque
958 387 1249 445 absumeret,
1300 393 1489 435 tandem

83 475 106 502 e
132 459 238 501 sede
260 473 340 500 sua
366 456 613 515 prosiluit,
654 472 705 499 ac
725 473 811 515 per
830 456 1057 499 ambitum
1080 458 1229 514 lacus,
1267 475 1364 501 nou
1391 461 1490 503 sine

79 528 215 573 foeda
240 526 555 584 vacillatione,
595 527 874 583 discurrens,
909 527 1083 586 part-im
1106 527 1350 583 minando,
1384 545 1493 587 par-

81 597 169 642 tim
192 597 514 653 adhortando,
550 597 606 640 ad
632 613 840 656 pugnam
865 597 1104 656 compulit.
1178 598 1284 640 Hoc
1310 610 1492 657 specta·

85 668 192 711 culo
218 665 373 710 classis
397 667 554 711 Sicula
579 675 623 709 et
647 667 834 710 Rhodia
855 676 1218 724 concurrerunt,
1259 670 1493 712 duodena-

81 754 189 781 rum
220 737 492 794 ‘triremium
533 737 768 795 singulae,
815 737 1029 780 exciente
1060 737 1255 781 buccina
1290 738 1492 783 Tritone

83 816 302 864 argenteo
318 839 331 863 ,
379 807 457 865 qui
481 823 504 850 e
527 807 683 850 medio
704 808 811 851 lacu
833 823 918 866 per
942 808 1206 851 machinam
1229 818 1492 852 emerserat.

88 872 139 939 [2
151 873 201 938 2]
241 877 478 929 Quaedam
506 877 628 920 circ-a
651 877 953 935 cerimonias,
993 877 1273 935 civilemque
1298 887 1343 921 et
1369 880 1491 921 mili-

81 955 231 990 tarem
255 961 462 1003 morem,
500 946 625 990 item-
641 947 765 990 circa
802 947 1011 990 omnium
1048 947 1266 991 ordinum
1297 958 1490 1006 statum,

81 1015 210 1060 domi
243 1015 473 1074 forisque,
517 1025 597 1060 aut
631 1017 865 1074 correxit,
899 1025 977 1059 aut
1012 1019 1199 1061 exoleta
1230 1019 1491 1075 revocavit,

81 1096 159 1130 aut
181 1085 320 1129 etiam
347 1101 468 1129 nova
490 1086 704 1132 instituit.
776 1085 829 1130 In
858 1087 1135 1146 cooptandis
1169 1103 1255 1147 per
1292 1089 1491 1145 collegia

79 1155 422 1212 sacerdotibus,
469 1156 703 1200 neminem
742 1155 830 1200 nisi
860 1157 1041 1216 juratus
1082 1157 1368 1215 nominavit3
1410 1161 1494 1203 ob-

79 1225 374 1283 servavitque
397 1225 574 1283 sedulo,
610 1234 662 1269 ut
684 1228 861 1285 quoties
880 1235 1004 1268 terra
1028 1226 1077 1268 in
1105 1226 1233 1270 Urbe
1251 1228 1491 1285 movisset,

79 1294 219 1339 ferias
261 1295 481 1338 advocate
522 1296 746 1339 concione
784 1296 977 1337 Praetor
1015 1295 1275 1354 indiceret,
1332 1306 1493 1355 utque,

81 1363 183 1410 dira
205 1364 282 1408 avi
302 1364 354 1407 in
378 1364 507 1408 Urbe
532 1374 609 1408 aut
632 1365 681 1408 in
707 1364 948 1423 Capitolio
973 1363 1086 1419 visa,
1125 1365 1385 1409 obsecratio
1412 1368 1495 1409 ha-

81 1433 308 1490 beretur,
347 1448 540 1490 eamque
576 1434 675 1493 ipse
702 1434 807 1492 jure
831 1432 1037 1476 Maximi
1063 1432 1329 1492 Pontificis,
1366 1452 1493 1480 com-

78 1502 257 1547 monito
295 1516 383 1561 pro
419 1502 602 1545 Rostris
640 1503 851 1562 popule,
895 1500 1129 1561 praeiret,
1170 1514 1495 1565 summotaque

78 1663 208 1708 ficare,
239 1664 424 1714 putabant
450 1664 514 1702 vel
540 1662 888 1714 interpretabantur
915 1666 1051 1702 miseri
1075 1667 1366 1705 naumachiarii.
1416 1670 1493 1707 Va·

78 1722 253 1758 rietatem
280 1721 457 1763 lectionis
485 1733 523 1759 et
545 1723 800 1771 interpretum
828 1723 992 1772 ineptias
1015 1738 1053 1762 v.
1076 1726 1176 1775 apud
1192 1727 1329 1762 Burm.
1350 1736 1386 1762 et
1407 1726 1491 1763 Ou-

78 1778 263 1828 dendorp.

169 1841 250 1888 igni
262 1838 453 1885 ferroque]
500 1839 608 1887 Lips.
633 1837 679 1874 ad
700 1843 786 1874 Tac.
806 1850 862 1879 ιι,
881 1839 940 1875 23.
969 1840 1098 1877 suadet
1125 1845 1163 1878 vi
1173 1844 1365 1891 firroque,
1389 1842 1493 1890 inju-

79 1894 137 1931 ria
155 1904 192 1930 et
211 1905 354 1944 praeter
374 1896 630 1932 necessitatem
651 1907 782 1932 contra
804 1896 913 1933 codd.

172 1966 245 1988 non
260 1954 462 2000 sinefoeda
480 1956 727 2003 vacillatione]
775 1969 815 1993 v.
844 1969 925 2005 cap.
944 1965 1003 2000 30.
1029 1983 1054 2001 „
1070 1957 1349 2007 ingredientem
1378 1958 1492 1994 doeti-

79 2010 235 2047 mebant
253 2010 417 2059 poplites
435 2012 565 2047 minus
585 2012 701 2049 firmi.
715 2015 741 2033 ‘⁸

173 2071 294 2104 Sicula
317 2078 353 2104 et
372 2072 536 2117 Rhodia]
570 2083 610 2106 v.
629 2072 733 2107 caes.
750 2080 809 2121 39.
858 2074 989 2108 Postea
1007 2073 1119 2108 Nost.
1149 2077 1395 2110 duodenarum
1425 2073 1491 2109 tri·

79 2139 174 2162 rem.
193 2125 361 2174 singulas
381 2126 511 2163 classes
538 2127 658 2165 fuisse
691 2130 808 2173 dicit,
831 2131 948 2167 Donl
973 2145 1005 2167 c.
1035 2136 1240 2183 quinquag
1225 2147 1354 2167 cynara
1352 2148 1392 2173 ll,
1422 2131 1489 2168 cui

80 2183 205 2232 magis
224 2184 405 2220 convenit
432 2198 614 2222 numerus
637 2199 896 2235 pugnatorum
929 2181 1030 2238 apud
1051 2195 1138 2225 Tac.
1161 2190 1186 2225 l.
1203 2204 1234 2226 c.
1264 2186 1487 2234 „Claudius

79 2241 254 2277 triremes
273 2241 604 2292 quadriremesque
623 2254 660 2279 et
677 2249 908 2295 undeviginti
931 2251 1113 2283 hommum
1138 2251 1253 2284 mz'llza
1279 2249 1488 2291 armavit,“

80 2297 152 2333 ubi
180 2299 286 2346 Lips.
324 2311 467 2336 centum
504 2301 749 2338 inserendum
787 2314 910 2339 censet
946 2317 1031 2341 ante
1065 2309 1245 2342 triremes.
1306 2306 1487 2342 Aliorum

81 2368 190 2391 eura·
208 2356 253 2390 ad
273 2369 311 2392 n.
329 2356 356 2392 l.
382 2371 420 2394 v.
441 2359 540 2406 apud
561 2361 695 2396 Burm.
750 2360 832 2397 Nos
857 2363 1068 2398 dissensum
1089 2374 1284 2400 annotasse
1304 2362 1487 2403 contenti,

82 2412 128 2454 de
147 2413 387 2450 conciliando
406 2415 664 2463 desperatum,
691 2431 813 2466 neque
831 2432 889 2454 res
911 2420 1018 2456 tanti.

175 2475 391 2519 nomi'navtt]
442 2474 679 2522 ,P,roprium
704 2476 745 2510 in
763 2475 833 2510 hac
852 2490 892 2512 ie
909 2477 1082 2514 verbum
1105 2491 1144 2516 v
1167 2480 1241 2516 0ch
1259 2477 1357 2514 Phil.
1383 2485 1417 2515 ε,
1448 2487 1484 2511 2

86 2526 201 2571 (ubi.
237 2544 425 2566 nommare
453 2531 672 2587 Αυσιινεηι.)
725 2536 814 2567 Tac.
834 2536 880 2568 A.
897 2544 931 2578 4,
962 2538 1015 2572 ι6.
1029 2539 1054 2556 “
1091 2536 1202 2582 (ubi:
1246 2548 1338 2578 t‚1es
1371 2534 1488 2570 simul

82 2590 274 2630 nominari,
299 2602 346 2624 ex
368 2590 457 2639 quis
477 2600 574 2624 unus
590 2588 789 2638 legeretur,
816 2602 967 2628 vetusto
988 2597 1134 2630 more“
1158 2596 1204 2630 ad
1222 2565 1485 2636 Ii'laminium).

80 2644 225 2680 Emest.

173 2706 387 2738 commonito
407 2717 480 2750 pro
495 2707 543 2738 R.
557 2715 660 2749 pop„
682 2706 762 2751 pn]
813 2706 904 2743 Em.
925 2720 994 2755 per
1016 2708 1182 2744 edictum
1201 2710 1485 2745 commonitum

82 2771 170 2807 pop.
199 2760 392 2795 existimat
420 2760 465 2794 ad
493 2759 758 2807 frequentanda
787 2762 1064 2802 obsecrationis
1098 2765 1318 2810 sollemnia,
1353 2777 1388 2801 et
1414 2781 1486 2815 pro

82 2820 227 2852 Rostris
244 2819 357 2852 refert
383 2817 427 2851 ad
448 2823 635 2863 praeirem
670 2832 748 2868 quo
777 2823 984 2858 verborum
1016 2824 1151 2859 ordine
1178 2835 1309 2858 auctor
1340 2835 1485 2860 senten-

76 2871 170 2909 tiam
187 2874 289 2919 justo
311 2874 575 2912 obscuriorem
595 2877 678 2925 ipse
709 2878 947 2917 reddidisset.
995 2883 1133 2916 Burm-
1161 2881 1326 2927 trajectis
1354 2882 1484 2919 verbis
