1795 3262
351 127 445 174 5³08
730 137 953 171 AULI
1029 135 1362 167 rnusxt

348 256 661 301 ‘ctissimorum
685 263 730 298 et
753 253 1142 297 sanctissimorum
1166 250 1406 310 virorum,
1438 251 1609 297 acriter
1638 262 1740 299 tum

349 325 810 387 philosophantium,
850 320 1035 363 Claudii
1068 319 1402 378 Agathemeri‚
1444 322 1614 372 medici
1647 323 1740 365 La-

351 395 659 451 cedaemonii,
697 402 741 437 et
765 390 971 435 Petronii
997 387 1302 432 Aristocratis
1330 391 1588 448 Magnetis,
1625 406 1738 449 quos

347 467 486 508 unice
508 465 696 507 miratus
721 471 785 504 est
807 468 850 503 et
870 460 1147 516 aemulatus,
1185 474 1327 516 quum
1350 461 1558 518 aequales
1577 468 1741 518 essent,

349 543 396 577 et
430 534 637 577 Cornuto
674 531 886 574 minores.
972 529 1073 587 Ipse
1108 528 1245 571 etiam
1283 529 1440 571 decem
1479 529 1575 572 fere
1609 529 1739 572 annis

346 619 526 646 summe
558 603 749 645 dilectus
776 616 798 641 a
820 598 960 641 Paeto
984 598 1187 641 Thrasea
1222 606 1314 654 est,
1355 597 1418 641 ita
1452 607 1503 643 ut
1535 598 1741 657 peregri-

345 681 538 715 nasetur
565 685 742 728 quoque
769 684 871 710 cum
896 683 948 710 eo
973 667 1240 723 aliquando,
1278 675 1518 725 cognatam
1541 668 1632 725 ejus
1645 667 1739 709 Ar-

344 741 467 784 riam
502 754 700 782 uxorem
741 738 952 781 habente.
1022 736 1126 779 Fuit
1157 752 1341 779 morum
1380 736 1740 793 lenissimorum,

342 809 650 853 vel-:cundiae
674 806 939 863 virginalis,
976 805 1152 850 formae
1176 808 1391 864 pulcrae,
1430 805 1611 865 pietatis
1631 818 1741 862 erga

342 889 541 921 matrem
580 886 623 919 et
657 891 866 919 sororem
903 883 947 917 et
979 875 1167 917 amitam
1204 876 1425 933 exemplo
1459 873 1741 918 sufficientis.

341 946 445 991 Fuit
466 945 587 1002 frugi
607 953 651 988 et
676 945 884 1003 pudicus.
954 942 1162 1000 Reliquit
1186 943 1306 987 circa
1319 944 1412 987 HS.
1436 944 1577 987 vicies
1598 942 1739 986 matri

341 1025 387 1059 et
411 1016 586 1058 sorori:
623 1013 807 1072 scriptis
831 1022 983 1056 tamen
1011 1012 1066 1054 ad
1094 1021 1290 1056 matrem
1313 1012 1565 1069 codicillis,
1604 1027 1738 1070 roga-

338 1086 409 1129 vit
444 1101 567 1141 eam,
606 1093 656 1127 ut
691 1085 821 1126 daret
859 1082 1068 1125 Cornuto
1105 1082 1330 1139 sestertia,
1371 1091 1422 1125 ut
1457 1082 1641 1140 quidam
1670 1080 1738 1124 di-

339 1164 476 1211 cunt,
526 1164 735 1210 centum3
781 1161 832 1197 ut
872 1152 949 1195 alii
984 1152 1173 1207 volunt,
1220 1152 1396 1209 argenti
1429 1152 1541 1194 facti
1577 1151 1735 1210 pondo

335 1223 527 1280 viginti,
566 1233 610 1266 et
643 1222 787 1265 libros
825 1220 946 1264 circa
978 1220 1322 1279 septingentos,
1359 1220 1456 1263 sive
1485 1219 1736 1263 bibliothe-

336 1309 435 1336 cam
462 1308 591 1336 suam
620 1307 815 1335 omnem.
857 1285 1060 1354 [Verum
1090 1289 1338 1345 Cornutus,
1375 1289 1560 1332 sublatis
1585 1288 1737 1343 libris,

329 1364 582 1421 pecuniam
625 1361 890 1417 sororibus,
940 1374 1077 1417 quam
1122 1360 1267 1402 frater
1311 1358 1504 1402 heredes
1547 1357 1735 1414 fecerat,

332 1426 558 1495 reliquit]
634 1431 695 1473 Et
728 1446 862 1486 raro,
914 1438 957 1471 et
984 1429 1113 1472 tarde
1141 1427 1339 1487 scripsit.
1408 1428 1549 1470 Hunc
1580 1426 1735 1486 ipsum

329 1501 506 1544 librum
550 1500 873 1558 imperfectum
920 1497 1124 1557 reliquit.
1197 1497 1370 1541 Versus
1409 1496 1553 1555 aliqui
1591 1493 1736 1539 demti

333 1577 441 1612 suut
474 1570 638 1612 ultimo
674 1568 808 1610 libri:
855 1575 897 1610 et
933 1567 1059 1624 quasi
1093 1566 1245 1609 finitus
1283 1575 1425 1623 esset,
1466 1566 1633 1609 leviter
1664 1579 1738 1607 re·

334 1638 554 1681 tractavit
581 1637 836 1691 Cornutus,
876 1643 918 1677 et
944 1635 1105 1678 Caesio
1134 1636 1272 1677 Basso
1302 1635 1507 1693 petenti,
1550 1643 1602 1677 ut
1634 1634 1734 1692 ipse

338 1708 497 1750 ederet
517 1739 533 1760 ,
575 1705 766 1748 tradidit
798 1702 1038 1747 edendum.
1109 1703 1369 1761 scripserat
1390 1704 1526 1745 etiam
1547 1703 1595 1744 in
1625 1717 1736 1760 pue·

335 1776 446 1819 titia
470 1776 656 1818 Flaccus
683 1773 983 1816 Praetextata
1009 1765 1225 1835 [Vescio]
1241 1803 1253 1826 ‚
1300 1779 1343 1813 et
1367 1763 1734 1834 (ΟΣοιποπορικῶν

337 1845 515 1888 librum
545 1859 719 1896 unum,
765 1850 809 1885 et
838 1856 1008 1900 paucos
1038 1839 1181 1883 uxori
1212 1839 1420 1882 Thaseae
1456 1840 1503 1882 in
1538 1839 1733 1883 Arriam.

334 1924 535 1957 matrem
559 1928 729 1968 versus,
763 1926 876 1968 quae
900 1926 946 1953 se
970 1917 1073 1952 ante
1098 1908 1251 1952 virum
1274 1908 1521 1953 occiderat.
1560 1908 1735 1953 Omnia

338 1992 490 2027 autem
518 1998 593 2038 ea,
632 1980 865 2023 Cornutus
891 1986 1051 2022 auctor
1081 1978 1169 2020 fuit
1203 1978 1340 2020 matri
1375 1979 1501 2037 ejus,
1542 1987 1595 2021 ut
1626 1978 1734 2022 abo-

334 2053 465 2096 leret.
535 2051 726 2093 Editum
757 2049 930 2092 librum
969 2047 1188 2090 continuo
1222 2046 1384 2090 mirari
1417 2047 1652 2103 homines,
1688 2055 1734 2092 et

337 2122 540 2180 diripere
574 2126 838 2177 coeperunt.
917 2116 1125 2160 Decessit
1158 2124 1310 2164 autem
1344 2116 1457 2159 vitio
1490 2116 1731 2174 stomachi,

338 2205 460 2234 auno
503 2188 662 2232 aetatis
699 2186 948 2230 tricesimo.
1022 2185 1112 2229 Sed
1145 2201 1290 2243 mox,
1337 2193 1389 2230 ut
1428 2200 1454 2229 a
1483 2186 1643 2230 schola
1683 2193 1734 2231 et

428 2379 559 2413 Verum
576 2393 623 2403 —
643 2376 806 2422 reliquit]
857 2376 910 2410 Ut
934 2374 1102 2423 spuriam
1122 2372 1229 2410 uncis
1246 2370 1400 2408 inclusit
1415 2371 1510 2409 hane
1525 2369 1733 2421 periodum

336 2432 518 2472 Oudend.

425 2503 493 2537 lev.
511 2504 731 2537 retractavit
749 2502 943 2545 Cornutus]
989 2501 1102 2551 Vulg.
1121 2502 1188 2537 lev.
1206 2502 1378 2537 recitavit
1398 2499 1568 2536 cornuto.
1593 2495 1726 2536 vaon-

334 2558 444 2597 dend.
465 2570 502 2594 et
518 2558 642 2596 Wolf.

429 2627 576 2672 Vescia]
624 2629 839 2676 Suspectam
858 2642 991 2666 vocem
1008 2627 1148 2665 inclusi
1163 2625 1268 2663 uncis
1291 2637 1378 2662 cum
1400 2622 1560 2660 Wolfio.

425 2699 623 2738 tricesimo]
673 2698 757 2733 Imo
787 2702 949 2735 vicesimo
974 2707 1112 2733 octavo.
1141 2710 1179 2732 v.
1197 2708 1318 2744 supra.
1365 2696 1421 2729 Ita
1451 2692 1599 2741 scripsit
1617 2689 1726 2726 Wol-

332 2752 417 2789 fiun.
466 2753 690 2799 Plerumque
709 2755 749 2790 in
769 2757 951 2793 Suetonio
964 2781 975 2798 ,
1000 2754 1034 2790 si
1054 2754 1086 2790 is
1106 2763 1235 2789 auctor
1250 2752 1372 2794 vitae,
1400 2749 1581 2790 Consules
1605 2758 1642 2785 et
1667 2748 1726 2784 vi-

335 2813 393 2848 tae
408 2823 525 2849 annos
544 2824 622 2848 non
640 2815 865 2860 convenire,
897 2813 1044 2864 saepius
1065 2808 1422 2851 demonstravimus.
