1859 3278
656 189 976 225 GALBA.
1421 203 1510 248 19¹

98 304 178 349 nis
197 302 360 358 unius,
400 299 690 360 duarumque
722 306 929 367 alarum,
967 319 1012 354 et
1045 312 1315 361 cohortium
1348 321 1518 367 trium:

102 382 148 418 at
168 389 192 417 e
212 370 515 432 primoribuS,
557 374 898 436 prudentiaque
922 390 965 424 et
990 391 1138 427 aetate
1159 392 1518 452 praestantibus,

101 444 233 488 velut
254 442 398 485 instar
421 440 646 498 Senatus,
683 447 740 490 ad
773 464 886 506 quos
925 452 981 496 de
1009 455 1182 514 majore
1214 473 1296 515 re,
1337 463 1517 517 quoties

100 529 218 573 opus
239 520 384 565 esset,
420 513 700 571 referretur,
738 517 953 565 instituit.
1005 523 1195 583 Delegit
1219 536 1264 571 et
1293 533 1518 588 equestris

98 582 278 627 ordinis
308 583 528 641 juvene3‚
575 584 680 643 qui,
729 599 946 635 manente
980 595 1230 640 anulorum
1266 615 1517 646 aureorum

99 669 210 711 usu,
247 651 448 697 Evocati
470 655 849 719 appellarentur,
888 665 1204 726 excubiasque
1231 669 1354 713 circa
1389 673 1519 716 cubi-

103 724 260 768 culum
281 738 416 767 suum
445 723 551 767 vice
581 725 788 773 militum
825 743 1027 790 agerent.
1101 737 1257 782 Etiam
1289 756 1374 799 per
1411 759 1522 801 pro-

98 792 280 839 vincias
327 793 479 836 edicta
517 793 720 857 dimisit,
771 810 935 846 auctor
970 805 1162 864 singulis
1199 810 1522 871 universisque

104 862 406 924 conspirandi
428 863 594 922 simul,
633 876 679 912 et
702 877 780 925 ut,
824 888 910 931 qua
938 886 1094 933 posset
1128 879 1322 939 quisque
1358 898 1521 943 opera,

103 949 401 979 communem
437 949 620 978 causam
649 940 880 996 juvarent.
953 945 1043 990 Per
1067 948 1191 992 idem
1214 950 1311 995 fere
1334 960 1523 1013 tempus

100 1003 153 1054 in
201 1003 464 1048 munitione
510 1006 702 1067 oppidi,
756 1014 879 1070 quod
921 1017 1077 1062 sedem
1114 1019 1237 1063 bello
1275 1022 1525 1082 delegerat,

103 1084 317 1135 repertus
339 1083 407 1120 est
429 1077 593 1120 anulus
616 1096 760 1139 opere
780 1084 971 1144 antiquo
993 1121 1005 1145 ,
1046 1091 1287 1150 sculptura
1313 1108 1527 1152 gemmae

105 1144 376 1189 Victoriam
420 1160 529 1190 cum
573 1157 772 1211 tropaeo
820 1157 1132 1216 exprimente.
1216 1160 1289 1205 Ac
1326 1164 1525 1209 subinde

105 1212 439 1260 Alexandrina·
471 1218 601 1263 navis
623 1221 880 1269 Dertosam
913 1230 1127 1289 appulit,
1168 1232 1309 1276 armis
1347 1243 1529 1294 onusta,

197 1361 352 1408 legionis
381 1364 506 1409 unius]
562 1366 650 1399 Tac.
671 1364 722 1400 H.
750 1378 782 1408 1,
815 1365 851 1403 6.
885 1366 1079 1410 „inducta
1107 1372 1247 1420 legione
1267 1377 1469 1421 fflspana“
1493 1387 1531 1414 et

106 1416 207 1466 apud
235 1416 360 1452 Eund.
385 1430 416 1453 c.
439 1419 494 1455 16.
546 1419 687 1458 Galba:
723 1451 745 1466 ‚‚
758 1424 884 1468 Nero,
914 1439 1029 1474 quern
1062 1426 1175 1477 longa
1199 1430 1404 1468 Caesarum
1433 1435 1531 1470 serie

108 1485 344 1518 tumentem,
371 1489 449 1512 non
469 1478 624 1516 Vindex
645 1494 733 1516 cum
758 1482 901 1517 inermi
920 1484 1142 1532 provincia,
1172 1499 1237 1523 aut
1254 1503 1324 1537 ego
1347 1505 1428 1526 cum
1455 1506 1530 1528 una

107 1533 270 1582 legione,
298 1533 362 1568 sed
381 1547 449 1570 sua
468 1536 712 1582 immanitas,
742 1552 806 1575 sua
827 1539 1002 1586 luxuria,
1031 1544 1245 1582 cervicibus
1268 1547 1438 1596 publicis
1469 1551 1531 1587 de-

109 1589 239 1640 pulere
255 1603 358 1640 sequ.
375 1594 400 1612 “
425 1593 494 1630 ubi
510 1608 550 1631 v.
577 1597 682 1645 Lips.
705 1608 740 1632 et
759 1599 906 1635 Ernest.
920 1625 930 1642 ‚
957 1601 1025 1648 qui
1045 1603 1164 1637 trium
1178 1630 1187 1647 ,
1217 1618 1311 1652 quae
1336 1619 1441 1644 antea
1470 1608 1531 1645 ibi

110 1647 283 1688 fuerant.
309 1648 507 1697 legionum
538 1667 766 1700 numerum,
793 1666 922 1704 pacata
953 1659 1176 1706 provincia,
1203 1662 1250 1697 ad
1279 1677 1397 1701 unam
1425 1668 1530 1704 reda·

110 1715 236 1749 ctum,
263 1720 422 1756 eamque
438 1721 582 1747 sextam
599 1712 736 1757 fuisse,
765 1727 811 1749 ex
830 1716 931 1751 Hist.
954 1718 987 1760 5,
1012 1719 1067 1753 16.
1092 1718 1242 1757 docent.

204 1779 304 1800 man.
323 1768 424 1802 anal.
442 1782 522 1803 aur.
542 1775 625 1819 usu]
667 1771 706 1807 h.
724 1786 753 1808 e.
774 1773 878 1809 salvo
903 1775 1090 1823 Equitum
1114 1780 1230 1813 Rom.
1251 1780 1348 1826 jure.

205 1826 378 1867 Evocate]
429 1830 502 1862 Dio
523 1835 584 1872 45,
606 1838 663 1866 12.
687 1830 729 1868 τὸ
752 1831 1065 1870 τῶνἨουοκᾶτοιν
1090 1832 1325 1880 ”found-rav
1346 1839 1530 1889 σύστημα,

109 1875 173 1924 οὓς
191 1879 430 1927 Ἀνακλὴτους
450 1883 492 1920 ἄν
523 1901 576 1930 τις
604 1887 812 1933 ἑλληνίσας,
842 1887 895 1926 ἔτι
923 1894 1140 1939 πεπαυμένοι
1170 1900 1232 1940 τῆς
1261 1900 1448 1944 στρατείας
1474 1900 1532 1936 ἐπ’

111 1938 225 1984 αὐτὴν
249 1936 354 1984 αὖθις
384 1941 654 1989 ἆνεκλήθησαν,
685 1948 909 1993 ὀνομάσειεν,
937 1961 972 1985 ct
992 1950 1236 1998 Ἀνακλὴτους
1261 1968 1348 1990 vere
1377 1969 1440 1992 eos
1468 1971 1532 2006 ap-

111 1997 228 2047 pellat
249 2000 306 2042 55,
338 2006 397 2043 24.
422 2013 461 2036 v.
484 2001 528 2037 de
560 2003 611 2038 iis
635 2005 781 2040 Fabric.
814 2006 859 2039 ad
888 2005 914 2042 l.
934 2021 985 2050 c.,
1016 2020 1051 2044 et
1082 2024 1177 2058 quos
1202 2012 1247 2047 ad
1283 2026 1320 2047 n.
1351 2015 1533 2053 excitavit

111 2055 287 2106 Pitiscus.
334 2057 533 2107 Singulare
558 2060 634 2097 hoc
660 2061 731 2097 sub
749 2063 869 2099 Galba
894 2065 1012 2102 fuisse
1036 2068 1209 2104 militum
1240 2084 1379 2120 genus,
1406 2085 1534 2111 vetere

113 2123 264 2150 tantum
286 2125 322 2150 et
340 2115 560 2154 honorifico
585 2121 745 2156 nornine
766 2121 996 2171 insignitum
1011 2153 1022 2170 ,
1052 2140 1109 2162 res
1135 2129 1256 2166 docet.

206 2175 412 2223 sculptura]
463 2177 520 2211 Ita
537 2177 641 2213 edidi
665 2192 753 2214 cum
775 2180 974 2226 Oudend.,
994 2197 1226 2235 quamquam
1249 2189 1391 2237 optimi
1420 2191 1533 2228 codd.

114 2228 255 2266 habent
281 2235 490 2279 scalptura,
520 2246 566 2271 ut
594 2237 694 2271 mihi
721 2249 957 2284 constarem,
990 2255 1195 2293 postquam
1227 2245 1335 2282 illam
1364 2249 1534 2285 formam

115 2287 279 2324 exhibui
300 2291 398 2339 Aug.
419 2293 477 2329 50.
494 2303 531 2328 et
548 2294 693 2331 Neron.
709 2295 773 2342 46.
796 2296 841 2332 ad
863 2311 926 2347 qu.
948 2298 976 2334 l.
999 2313 1037 2336 v.
1056 2312 1198 2338 notata.
1228 2304 1278 2341 cf.
1299 2305 1474 2343 Oudend.
1496 2317 1534 2343 et

116 2346 241 2383 Wolf.
261 2347 308 2382 ad
328 2347 367 2382 h.
389 2347 416 2384 l.

212 2409 427 2450 Dertosam]
474 2409 530 2444 Ita
553 2410 722 2447 restituit
739 2424 958 2463 corruptam
976 2414 1183 2454 lectionem
1207 2421 1531 2457 Turneb.Advers.

118 2467 179 2507 24,
211 2469 270 2507 41.
298 2477 337 2500 v.
367 2465 412 2499 de
440 2465 509 2501 hac
539 2466 636 2503 urbe
657 2469 789 2506 Cellar.
814 2484 846 2515 2,
879 2485 909 2508 1.
939 2487 976 2521 p.
998 2484 1076 2524 139.
1126 2479 1221 2512 Rem
1250 2489 1375 2513 narrat
1393 2481 1535 2526 Xaeplzil.

118 2520 222 2566 64‚1.
247 2521 308 2557 καὶ
327 2525 438 2559 πλοῖα
458 2522 576 2561 ὅπλων
597 2528 711 2571 μεστὰ
732 2529 984 2578 τρόςἼβηρίαν
1007 2533 1066 2570 ὐπ’
1087 2535 1195 2580 αὐτὰς
1217 2536 1347 2578 ἐκείνας
1366 2537 1428 2578 τὰς
1448 2537 1534 2581 ἡμέ-

121 2593 185 2625 ρας
209 2579 373 2626 (quibus
398 2584 608 2628 Imperator
636 2585 852 2633 designatus
882 2592 953 2635 est)
987 2592 1195 2638 αὐτόματα,
1223 2595 1368 2639 μηδενὸς
1397 2595 1534 2641 ἀνθρώ-

120 2650 196 2672 aeoev
223 2635 375 2684 ἄγοντος
407 2638 521 2681 αὐτά,
551 2645 818 2691 προςωρμίσθη.
848 2666 892 2675 -
949 2649 1129 2686 Ceterum
1154 2653 1321 2700 ineptam
1352 2656 1536 2689 mutatio-

120 2705 209 2728 nem
232 2698 385 2745 Buleng.
411 2698 456 2732 de
475 2700 586 2746 prod.
616 2713 667 2744 1.‚
703 2705 930 2753 corrigentis
947 2709 1096 2743 suhmcle
1114 2710 1154 2744 in
1173 2711 1238 2744 sub
1262 2714 1317 2750 id,
1344 2710 1535 2747 accinente

122 2750 265 2788 Pitisco
292 2753 338 2789 ad
367 2754 402 2790 h.
421 2754 468 2798 l.,
495 2757 573 2801 jam
609 2759 884 2799 damnaverunt
911 2764 1057 2802 Duker.
1086 2767 1132 2802 ad
1165 2769 1266 2802 Flor.
1285 2777 1320 2809 2,
1356 2781 1436 2812 100,
1465 2770 1536 2805 ubi

123 2811 328 2856 exponitur
346 2813 390 2849 de
411 2827 480 2848 usu
503 2815 616 2862 hujus
635 2818 859 2865 particulae,
892 2834 928 2858 et
946 2824 1124 2860 Oudend.
1143 2824 1190 2859 ad
1211 2837 1250 2860 n.
1272 2824 1299 2861 l.
1347 2827 1449 2867 Vide
1476 2841 1538 2864 ex-

122 2866 339 2915 emplorum
358 2872 534 2921 copiam,
558 2874 601 2910 in
625 2875 751 2912 indice
771 2890 906 2917 nostro
929 2882 1155 2919 exhibitam.
