1859 3278
666 152 697 183 N
736 151 766 182 E
806 151 840 183 n
876 151 922 182 0.
1383 139 1477 197 ὡς)

73 270 206 332 jussis
237 284 328 312 non
363 264 592 325 amplius,
630 281 766 324 quam
803 267 1027 312 horarum
1060 269 1288 328 spatium,
1325 270 1471 314 dabat.

76 340 152 385 Ac
179 355 235 382 ne
260 337 371 395 quid
396 352 554 379 morae
582 336 914 395 interveniret,
944 338 1149 382 medicos
1179 341 1469 396 admovebat,

76 410 162 467 qui
177 413 453 451 cunctantes
477 407 704 449 continuo
731 417 989 464 curarent5
1023 408 1088 451 ita
1113 408 1235 452 enim
1259 409 1468 465 vocabat,

73 493 211 523 venas
244 475 405 519 mortis
434 476 581 532 gratia
608 476 825 521 incidere.
900 478 1118 522 Creditur
1161 478 1296 520 etiam
1334 479 1470 536 poly-

70 547 222 607 phago
246 546 428 589 cuidam
455 546 682 605 Aegyptii
708 548 915 605 generiS‚
954 548 1144 592 crudam
1175 564 1386 602 carnem,
1424 554 1470 589 et

73 616 290 675 quicquid
311 616 527 672 daretur,
561 617 782 660 mandere
803 627 1003 675 assueto,
1041 617 1312 677 concupisse
1335 616 1469 661 vivos

69 684 281 730 nomines
312 685 554 728 laniandos
583 686 982 746 absumendosque
1018 688 1229 746 objicere.
1308 687 1470 729 Elatus

69 756 345 812 inflatusque
378 755 515 798 tantis
544 756 674 799 velut
700 758 1009 812 successibus,
1051 757 1262 815 negavit,
1310 772 1471 815 quem-

70 841 216 886 quam
241 824 526 882 Principum
561 825 703 869 scisse
716 859 731 879 ³
767 828 887 884 quid
911 827 1006 870 sibi
1031 827 1200 871 liceret.
1271 827 1471 870 hiultas-

67 910 156 953 que
181 909 267 937 nec
292 894 452 954 dubias
474 894 831 952 significationes
852 913 988 956 saepe
1012 897 1149 956 jecit,
1187 913 1244 941 ne
1276 894 1468 956 reliquis

67 964 253 1024 quidem
289 979 336 1006 se
367 980 614 1024 parsurum
647 963 977 1025 Senatoribu53
1023 982 1219 1024 eumque
1254 966 1469 1009 ordinem

63 1033 354 1078 sublaturum
383 1034 654 1091 quandoque
680 1050 703 1076 e
727 1035 1012 1095 Republica,
1062 1053 1114 1080 ac
1135 1034 1398 1095 provincias
1425 1042 1470 1077 et

65 1103 302 1146 exercitus
332 1102 493 1160 Equiti
532 1103 746 1148 Romano
797 1108 849 1148 ac
897 1105 1076 1150 libertis
1121 1102 1469 1164 permissurum.

71 1172 208 1216 Certe
238 1187 390 1229 neque
423 1172 703 1230 adveniens,
747 1190 897 1232 neque
933 1175 1258 1234 proficiscens,
1306 1190 1468 1232 quem-

66 1257 207 1300 quam
245 1242 405 1284 osculo
443 1241 698 1300 impertiit,
732 1259 784 1286 ac
815 1261 874 1288 ne
902 1244 1230 1289 resalutatione
1268 1244 1467 1302 quidem.

60 1310 124 1355 Et
156 1311 207 1355 in
243 1310 524 1368 auspicando
574 1326 714 1370 opere
748 1312 935 1370 Isthmi,
991 1329 1158 1370 magna
1202 1312 1468 1369 frequentia

63 1382 217 1434 clare,
263 1382 322 1424 Ut
355 1378 450 1421 sibi
478 1396 532 1422 ac
559 1381 737 1438 populo
758 1383 973 1425 Romano
1008 1383 1119 1426 bene
1150 1398 1221 1425 res
1249 1388 1465 1436 verteret,

61 1449 263 1508 optavit,
302 1436 584 1491 dissimulata
606 1449 798 1494 Senatus
825 1451 1074 1494 mentione.
1119 1448 1233 1514 [38]
1263 1451 1350 1493 Sed
1378 1465 1464 1493 nec

58 1520 263 1579 populo,
328 1526 405 1560 aut
443 1518 684 1561 moenibus
732 1521 910 1578 patriae
955 1521 1182 1581 pepercit.
1264 1520 1464 1563 Dicente

61 1589 262 1646 quodam
282 1587 328 1630 in
352 1602 564 1630 sermone
592 1591 852 1632 communi:

56 1739 158 1775 sequ.
173 1729 197 1746 “
226 1728 276 1770 (a.
297 1729 392 1772 820.)
442 1730 545 1765 Loca
567 1729 779 1774 {auctorum
808 1730 852 1766 de
876 1731 1040 1769 Thrasea
1060 1737 1175 1772 Paeto
1196 1727 1352 1777 collegit
1374 1728 1462 1764 Rei-

56 1795 148 1820 mar.
168 1783 213 1818 ad
235 1786 374 1830 Xz'pln'l.
392 1786 448 1829 61,
471 1793 525 1829 15.

148 1844 318 1877 horarum
334 1847 509 1891 spatium]
560 1844 676 1892 Vulg.
698 1847 894 1881 horarium.
943 1846 1046 1882 Illud
1078 1848 1187 1883 codd.
1221 1855 1257 1880 et
1287 1844 1370 1879 edd.
1399 1858 1462 1880 an-

55 1899 183 1948 tiquae
211 1911 342 1934 omnes
371 1900 575 1941 exhibent,
614 1911 671 1936 ut:
691 1903 844 1938 Domit.
866 1913 901 1946 5.
939 1904 1150 1952 „quotidie
1178 1914 1355 1938 secretum
1382 1901 1460 1937 sibi

54 1960 224 1994 horarum
244 1969 390 1992 sumere
419 1957 573 1994 solebat.
588 1961 612 1979 “
660 1959 842 2006 Supplent
869 1963 1028 2008 aliquot,
1062 1962 1166 2009 quod
1193 1975 1273 1996 non
1301 1972 1461 1995 necessa·

53 2015 180 2053 rium,
209 2027 329 2062 quum
357 2016 552 2064 genitivus
584 2016 755 2051 nominis
785 2017 834 2052 sit
864 2031 933 2066 pro
964 2019 1166 2063 adjectivo.
1224 2019 1364 2054 Nostra
1388 2016 1461 2052 lin-

54 2085 128 2120 gua
155 2070 330 2107 brevius:
367 2087 436 2109 nur
455 2075 717 2120 Stundenfrist.
768 2074 904 2109 Wotfii
928 2076 1163 2121 conjectura:
1204 2080 1273 2111 III
1288 2079 1460 2111 horarum,

55 2129 219 2171 (numeri
238 2139 326 2164 nota
353 2144 417 2179 per
433 2134 471 2166 H
495 2132 650 2175 extrita)
671 2132 795 2166 neseio
815 2145 861 2166 an
882 2132 1125 2180 frigidiorem
1155 2134 1302 2168 auctori
1331 2131 1459 2178 subji-

53 2187 129 2225 ciat
146 2187 387 2231 sententiam,
414 2200 450 2224 et
469 2189 571 2224 idem
595 2188 744 2225 Domit.
762 2187 787 2224 l.
810 2202 841 2224 c.
863 2190 1022 2237 praefert
1042 2194 1238 2225 horariam.

137 2246 363 2293 polyphago]
415 2246 555 2282 Attulit
575 2247 652 2292 jam
675 2245 831 2281 casaub.
850 2245 978 2283 locum
1006 2248 1152 2294 Vopisc.
1173 2245 1367 2283 Aurelian.
1391 2253 1453 2289 50.

145 2304 270 2351 signifi
288 2316 394 2349 saepe
403 2307 513 2351 jecit]
565 2304 751 2339 Pessimae
777 2316 864 2339 sunt
881 2304 1110 2340 mutationes
1129 2309 1268 2348 adjecit
1286 2303 1453 2346 Heinsii‚

55 2362 156 2397 dedit
177 2360 408 2403 Burmanni,
436 2371 471 2395 et
494 2360 608 2396 lectio
636 2361 745 2397 codd.
773 2362 1014 2409 quorundam
1043 2368 1158 2408 ejecit.
1204 2364 1362 2398 Prorsus
1387 2372 1456 2395 no-

53 2429 129 2454 stra
150 2416 280 2464 lingua
295 2417 518 2464 respondet:
546 2432 585 2452 er
602 2419 679 2464 liqss
700 2421 973 2467 W'nkefallen.
1000 2433 1037 2455 V.
1058 2421 1171 2455 etiam
1192 2422 1338 2455 Ernest.

145 2476 265 2510 osculo
291 2477 484 2524 impertiit]
543 2477 640 2511 Plin.
669 2477 849 2524 Panegyr.
876 2487 933 2521 23.
969 2479 1164 2520 „Gratum
1192 2488 1267 2513 erat
1295 2476 1450 2518 cunctis,

54 2531 158 2580 quod
175 2533 353 2567 Senatum
373 2531 503 2568 osculo
523 2533 727 2581 exciperes,
756 2544 798 2568 ut
820 2533 998 2571 dimissus
1020 2535 1150 2571 osculo
1171 2536 1311 2577 fueras,
1327 2536 1351 2553 “
1379 2531 1451 2568 ubi

53 2601 91 2626 v.
109 2589 251 2637 Gierig.

144 2650 184 2683 in
202 2659 360 2682 sermone
380 2649 574 2689 commum]
623 2647 775 2696 Oppon.
801 2651 968 2685 sermoni
985 2661 1139 2692 secreto,
1164 2661 1274 2697 atque
1299 2649 1353 2684 ita
1380 2661 1453 2686 ser-

56 2716 123 2740 mo
148 2708 340 2742 communis
363 2703 503 2739 dicitur
535 2704 649 2739 etiam
677 2717 697 2739 a
720 2709 867 2741 Petron.
893 2720 924 2742 c.
947 2716 1024 2750 113.
1040 2731 1050 2746 ,
1077 2720 1190 2754 quem
1219 2707 1352 2742 citavit
1369 2707 1451 2743 Ou-

61 2761 168 2798 flend.
195 2781 242 2788 -
287 2763 432 2798 Ernest.
451 2774 469 2795 e
489 2759 640 2796 duobus
659 2761 771 2798 libris
802 2763 906 2799 dedit
940 2768 1111 2805 convivii,
1142 2777 1302 2811 eumque
1332 2764 1451 2800 secuti

59 2829 149 2856 eunt
162 2820 338 2857 Bremius
365 2829 404 2855 et
425 2818 640 2869 Bipoutini.
685 2822 740 2857 Ita
774 2821 998 2871 scriptorem
1025 2831 1120 2871 puto
1151 2822 1279 2870 potius
1311 2821 1456 2859 dedisse
