1859 3278
643 104 678 137 N
714 106 744 137 Ε
782 106 815 136 R
854 108 900 137 o.
1382 96 1475 152 153)

67 240 178 272 eum
201 219 595 280 occupationibus
615 222 731 269 suis,
781 215 894 287 [43]
932 220 1076 282 Initio
1110 224 1266 266 statim
1309 224 1479 267 tumul-

69 305 175 349 tus,
219 291 369 336 multa
413 299 458 333 et
491 290 742 348 immania,
792 308 954 336 verum
987 309 1083 336 non
1122 294 1419 337 abhorrentia
1454 309 1478 336 a

68 380 152 411 sua
185 369 374 418 natura,
410 361 621 404 creditur
659 362 928 406 destinasse:
976 378 1261 406 successores
1292 379 1480 421 percus-

68 445 284 489 soresque
308 431 601 474 summittere
634 432 867 476 exercitus
906 441 951 476 et
978 433 1246 493 provincias
1282 433 1482 489 regenti-

68 504 180 559 bUS‚
217 500 346 558 quasi
383 501 688 560 conspiratis,
735 502 952 561 idemque
984 512 1030 547 et
1060 519 1206 546 unum
1244 502 1484 546 sentienti-

70 572 180 616 bus:
218 570 438 628 quicquid
463 571 639 629 ubique
663 574 897 631 exsulum,
938 573 1156 632 quicquid
1178 573 1227 616 iu
1242 572 1372 615 Urbe
1396 572 1484 615 ho-

69 642 252 688 minum
277 640 635 684 Gallicanorum
674 651 820 697 esset,
856 643 1209 689 contrucidare:
1255 644 1387 699 illos,
1409 636 1485 685 'ne

38 738 40 740 ·
70 710 431 756 desciscentibus
457 721 846 770 aggregarentur,
881 713 991 771 hos,
1027 722 1077 757 ut
1103 714 1310 757 conscios
1330 728 1484 772 popu-

69 781 244 828 larium
287 797 477 824 suorum
521 790 657 840 atque
699 783 929 826 fautores:
982 783 1155 827 Gallias
1197 783 1484 828 exercitibus

74 850 362 911 diripiendas
400 852 696 911 permittere:
737 852 958 901 Senatum
989 854 1256 898 universum
1298 868 1483 898 veneno

0 980 5 988 .
60 938 162 984 *per
187 920 405 965 convivia
427 935 615 965 necare:
656 921 834 966 Urbem
861 923 1136 981 incendere,
1170 923 1280 967 feris
1313 924 1364 967 in
1400 939 1487 983 120⁴

0 1009 3 1013 ⁴
54 992 240 1054 ‚pulum
277 991 522 1049 immissis,
573 1008 663 1050 quo
701 993 937 1036 difficilius
973 994 1311 1038 defenderetur.
1394 993 1489 1037 Sed

4 2142 6 2154 ⁴·
0 1801 14 2094 wwbtzwaqw.
0 1719 12 1767 'Y'

11 2633 18 2642 -ι
10 2599 13 2609 v
7 2341 18 2587 -·-*⁴·v-··-·a-'·

59 1061 374 1119 absterritus,
419 1077 515 1106 non
557 1071 650 1105 tam
685 1063 1002 1122 poenitentia,
1041 1080 1179 1121 quam
1212 1063 1489 1123 perficiendi

57 1132 428 1192 ¹desperatione,
467 1132 752 1190 credensque
778 1134 1130 1192 expeditionem
1165 1133 1490 1188 necessariam,

79 1202 304 1261 Consules
325 1210 430 1245 ante
458 1210 640 1260 tempus
666 1203 876 1261 privavit
903 1204 1101 1259 honore,
1140 1212 1277 1262 atque
1303 1204 1352 1247 in
1374 1203 1491 1247 utri-

75 1288 224 1330 usque
248 1273 406 1315 locum
430 1272 558 1314 solus
589 1272 697 1315 iniit
728 1273 1046 1327 consulatum,
1084 1266 1213 1331 quasi
1246 1273 1388 1317 fatale
1423 1290 1493 1317 es-

78 1351 176 1400 set,
217 1357 313 1385 non
347 1356 482 1400 posse
524 1341 701 1384 Gallias
732 1343 982 1399 debellari,
1019 1343 1110 1386 nisi
1143 1360 1166 1386 a
1201 1359 1247 1386 se
1274 1343 1493 1387 Consule.

78 1411 152 1458 Ac
176 1411 398 1470 susceptis
416 1411 643 1468 fascibus,
683 1427 823 1468 quum
848 1420 955 1470 post
989 1413 1148 1470 epulas
1182 1412 1391 1456 triclinio
1425 1413 1496 1456 di-

83 1482 385 1541 grederetur,
420 1481 614 1524 innixus
634 1481 840 1524 humeris
863 1481 1180 1539 familiarium,
1221 1482 1496 1541 affirmavit,

81 1552 296 1596 simulac
331 1550 538 1610 primum
574 1551 867 1610 provinciam
902 1551 1149 1609 attigisset,
1183 1552 1414 1596 inermem
1444 1569 1494 1596 se

86 1621 140 1665 in
172 1617 473 1680 conspectum
509 1621 802 1665 exercituum
846 1622 1176 1682 proditurum,
1234 1637 1323 1667 nec
1370 1623 1502 1682 quic·

174 1767 282 1800 abuti
309 1779 390 1800 eum
419 1779 540 1814 occup.
571 1767 661 1813 suis]
704 1763 744 1800 h.
775 1778 806 1800 e.
832 1765 934 1801 haud
964 1764 1059 1800 bene
1088 1778 1176 1801 eum
1202 1765 1341 1811 facere,
1380 1766 1499 1816 quod,

84 1825 179 1861 dum
197 1824 278 1873 ipse
301 1823 467 1870 negotiis
484 1822 651 1872 publicis
676 1822 847 1859 detentus
874 1823 917 1858 in
947 1836 1095 1858 scenam
1125 1823 1280 1872 prodire
1315 1836 1426 1874 atque
1454 1824 1502 1861 de

83 1882 211 1933 palma
237 1894 325 1917 cum
345 1893 389 1916 eo
418 1892 558 1917 certare
584 1891 765 1930 nequeat,
802 1892 930 1916 utatur
966 1894 1010 1916 eo
1051 1892 1221 1930 ternpore
1247 1883 1291 1916 ad
1328 1882 1501 1918 favorem

83 1938 223 1991 populi
244 1951 338 1974 voce
363 1939 675 1988 comparandum.
728 1941 780 1973 Ita
811 1940 884 1974 Cic.
906 1938 950 1974 de
969 1950 1044 1975 nat.
1063 1941 1114 1975 D.
1135 1949 1168 1981 2,
1200 1940 1256 1975 60.
1285 1941 1403 1983 „Nos
1431 1940 1504 1976 ele·

85 1997 321 2047 phantorum
344 1997 577 2033 acutissimis
600 1997 790 2040 sensibus,
818 2009 888 2032 nos
906 1998 1106 2046 sagacitate
1127 2011 1264 2033 canum
1285 2001 1340 2033 ud
1354 1999 1506 2035 utilita-

87 2066 161 2093 tem
180 2064 346 2090 nostram
364 2056 563 2091 abutimur.
577 2059 601 2075 ‘⁸
648 2055 759 2090 Plura
782 2054 951 2102 exempla
973 2069 1107 2103 quaere
1126 2055 1167 2089 in
1184 2055 1350 2090 Lexicis.

181 2117 357 2149 Senatum
375 2129 418 2139 -
439 2116 646 2158 incendere]
695 2115 836 2159 Xz'plu'l.
855 2126 887 2148 c.
906 2122 964 2155 27.
988 2113 1058 2150 ὑπὸ
1078 2113 1218 2148 πάντων
1238 2114 1274 2148 δὲ
1297 2113 1423 2158 ὁμοίως
1443 2113 1504 2161 ε’·γ-

87 2172 365 2215 καταλειφθείς,
390 2171 628 2215 ἐβουλεύσατο
651 2171 713 2216 μὲν
734 2171 817 2213 τούς
833 2186 871 2206 τε
890 2172 1084 2216 βουλευτὰς
1107 2172 1333 2213 ἀποκτεῖναι,
1358 2173 1417 2208 καὶ
1438 2175 1501 2220 τὴν

88 2230 191 2267 πόλιν
212 2232 442 2276 καταπρῆσαι
456 2258 467 2272 ,
495 2229 528 2273 ε”ς
550 2244 589 2264 τε
611 2230 674 2274 τὴν
698 2227 964 2274 Ἀλεξάνδρειαν
990 2234 1156 2264 πλεῖσαι.

186 2288 451 2335 dffenderetur]
498 2299 547 2321 sc.
570 2286 736 2335 populus
757 2300 776 2320 a
795 2285 904 2329 feris,
934 2288 966 2322 si
992 2299 1077 2336 post
1105 2300 1163 2323 eas
1192 2286 1383 2324 immissas
1408 2288 1506 2323 Urbs

89 2357 244 2394 quoque
265 2344 548 2383 incenderetur,
572 2355 616 2379 ut
645 2355 742 2379 recte
772 2343 932 2392 explieat
955 2345 1204 2394 Oudendorp.
1254 2345 1313 2382 Al.
1337 2347 1505 2394 defende-

90 2413 218 2439 rentur
243 2415 292 2438 se.
315 2401 414 2436 ferae
431 2401 469 2436 h.
491 2414 521 2436 e.
544 2413 772 2437 arcerentur.
822 2404 897 2439 Ms.
919 2406 1050 2452 Lyser.
1073 2406 1316 2451 defenderent.

193 2461 379 2508 Consules]
455 2460 498 2494 C.
527 2459 668 2494 Silium
697 2459 900 2504 Italicum,
941 2474 1115 2510 poetam,
1151 2474 1186 2498 et
1217 2464 1272 2497 M.
1308 2460 1505 2497 Galerium

92 2518 334 2556 Trachalum.
384 2517 475 2553 Non
494 2517 716 2552 meminisse
735 2517 890 2554 videtur
916 2522 1040 2556 nostri
1070 2520 1147 2556 loci
1168 2524 1322 2569 Psglu'us
1342 2522 1438 2553 Ann.
1457 2520 1507 2554 T.

79 2577 165 2615 ⁷111.
195 2590 234 2624 P·
252 2577 356 2618 604..
389 2575 457 2623 qui
484 2575 586 2610 nihil
616 2576 660 2610 de
690 2576 888 2613 consulatu
916 2578 1035 2614 solius
1052 2579 1230 2614 N’eronis.
1286 2577 1385 2610 Mox
1411 2589 1435 2609 a
1469 2590 1508 2612 se

98 2635 244 2668 Consule
262 2632 375 2668 lectio
398 2644 450 2667 est
469 2646 679 2680 paucorum
699 2634 809 2670 codd.
823 2661 833 2679 ,
863 2636 908 2671 ab
929 2638 1077 2673 Emesr.
1099 2647 1133 2670 et
1159 2634 1334 2672 Oudend.
1360 2643 1506 2683 recepta

94 2701 164 2736 pro
187 2689 287 2738 vulg.
308 2704 332 2725 a
357 2691 518 2725 Consule.

188 2750 298 2783 simul
326 2763 370 2783 ac
392 2751 568 2796 primum]
607 2761 645 2784 V·
669 2750 804 2786 Burm.
839 2762 874 2788 et
901 2751 1077 2788 Oudend.
1108 2749 1151 2784 ad
1177 2750 1373 2791 Caes.30.‚
1407 2749 1505 2785 Dran

85 2799 204 2841 ,kenb-
225 2806 272 2842 ad
289 2811 374 2842 Liv.
396 2809 429 2850 6,
453 2820 485 2842 ι.
511 2808 618 2847 Vana
643 2807 765 2856 igitur
783 2811 999 2855 conjectura
1022 2807 1258 2843 Burmanni:
1281 2812 1457 2853 primam.
