1859 3278
664 167 918 201 neno.
1389 160 1484 223 137

82 284 291 334 cessitam
324 283 571 331 mulierem
617 300 700 329 sua
743 300 886 329 manu
929 282 1220 345 verberavit,
1279 305 1489 348 arguenS,

80 374 168 420 pro
201 370 379 400 veneno
412 354 673 399 remedium
711 355 901 399 dedisse.
972 354 1354 415 Excusantique,
1403 361 1490 403 mi-

78 436 161 472 nus
190 426 348 469 datum
373 426 426 468 ad
455 425 782 468 occultandam
804 425 1026 470 facinoris
1048 426 1303 486 invidiain3
1348 430 1489 485 Sane,

76 495 259 554 inquit,
295 495 444 554 legem
465 496 646 539 Jalz'am
674 496 813 539 timeo
831 513 847 539 .·
900 496 1145 554 coegitque
1168 513 1215 540 se
1244 512 1402 542 coram
1439 502 1491 542 in

78 564 296 609 cubiculo
323 580 459 625 quam
481 574 638 627 posset
660 566 1005 609 velocissimum
1031 582 1083 609 ac
1106 578 1491 626 praesentaneum

79 650 291 692 coquere.
370 635 552 678 Deinde
586 636 633 678 in
671 635 821 679 haedo
862 644 1110 694 expertus,
1166 646 1415 696 postquam
1451 639 1490 682 is

19 714 22 716 ’
76 705 284 764 quinque
303 705 441 748 horas
466 704 724 765 protraxit,
755 706 927 748 iterum
949 722 998 749 ac
1023 707 1204 766 saepius
1230 718 1494 763 recoctum,

76 776 293 837 porcello
317 776 501 835 objecit.
573 775 681 828 Quo
716 776 872 819 statim
906 776 1201 834 exanimato,
1239 778 1405 822 inferri
1441 779 1492 822 in

77 844 365 900 triclinium,
424 845 615 904 darique
657 845 870 888 coenanti
905 862 1061 891 secum
1099 848 1372 892 Britannico
1405 848 1493 891 im-

78 915 284 976 peravit.
353 914 416 958 Et
440 931 586 974 quum
610 915 690 958 ille
716 916 773 957 ad
800 916 1008 974 primum
1045 927 1226 975 gustum
1263 918 1494 962 concidis-

72 992 165 1039 >tet,
202 984 427 1027 comitiali
449 986 616 1028 morbo
639 1001 701 1028 ex
728 986 1060 1029 consuetudine
1083 997 1350 1047 correptum
1372 989 1496 1048 apud

81 1054 303 1098 convivas
331 1056 608 1112 ementitus,
646 1064 836 1115 postero
874 1055 947 1098 die
984 1057 1158 1115 raptim
1191 1058 1313 1101 inter
1344 1058 1497 1102 maxi-

79 1139 182 1168 mos
206 1123 378 1167 imbres
402 1125 694 1169 translaticio
722 1125 894 1168 extulit
919 1125 1095 1170 funere.
1151 1128 1380 1172 Locustae
1405 1144 1493 1189 pro

81 1285 157 1324 bus
188 1289 349 1338 accepit,
375 1287 683 1337 transmisitque,
711 1289 883 1326 exsoluta
901 1289 1007 1334 alvo,
1034 1304 1171 1339 parum
1194 1292 1389 1337 validum,
1415 1292 1498 1330 sive

81 1356 424 1395 temperamentum
447 1346 585 1388 inerat,
613 1361 659 1382 ne
678 1348 806 1383 statim
830 1349 1001 1384 saeviret.
1017 1351 1042 1367 ‘⁴

177 1406 292 1453 Iegem
310 1405 464 1445 Iuliam]
516 1403 734 1439 Corneliam
753 1405 877 1441 Sullae
897 1405 1112 1441 Dictatoris
1134 1405 1178 1440 de
1207 1404 1374 1448 sicariis,
1402 1418 1500 1453 quae

84 1460 408 1510 complectebatur
433 1460 636 1506 veneficia,
662 1463 861 1512 repetitam
883 1476 902 1497 a
928 1462 1036 1502 Julio
1061 1463 1226 1499 Caesare.
1253 1476 1292 1499 v.
1316 1465 1498 1500 Tor-rent.

85 1531 122 1556 et
140 1521 288 1555 Ernest.

177 1580 368 1627 coegitque
388 1594 433 1601 —
453 1580 618 1624 coquere]
670 1581 759 1613 Tac.
784 1576 888 1619 „Sed
915 1577 1042 1620 Nero,
1073 1576 1168 1613 lenti
1196 1576 1343 1615 sceleris
1376 1578 1499 1628 impa-

85 1634 209 1676 tiens,
256 1633 431 1668 minitari
461 1634 659 1679 Triburm,
701 1636 833 1681 jubere
862 1635 1096 1683 supplicium
1126 1634 1333 1676 veneficae,
1378 1636 1497 1684 quod,

85 1691 178 1726 dum
204 1703 400 1727 rumorem
427 1692 658 1740 respiciunt,
682 1692 774 1727 dum
808 1704 939 1742 parant
974 1693 1230 1736 defensiones,
1257 1694 1500 1731 securitatem

85 1759 337 1785 morarentur.
384 1749 701 1786 Promittentibus
719 1751 807 1786 dein
833 1763 910 1786 tam
930 1752 1175 1799 praecipitem
1198 1765 1325 1786 necem
1340 1778 1350 1794 ,
1381 1765 1498 1799 quam

86 1807 121 1843 si
151 1806 250 1842 ferro
280 1817 500 1855 urgeretur,
529 1807 749 1844 cubiculum
779 1810 947 1846 Caesaris
974 1809 1100 1855 juxta,
1128 1809 1354 1857 decoquitur
1378 1810 1499 1855 virus,

87 1864 257 1914 cognitis
277 1875 382 1901 antea
401 1864 556 1900 venenis
576 1865 767 1913 rapidum.
780 1869 805 1886 “

180 1926 349 1957 coenanti
377 1925 512 1970 secum]
575 1926 661 1958 Tac.
695 1924 824 1964 „NIos
852 1921 1081 1967 habebatur,
1107 1923 1330 1973 Principum
1360 1923 1504 1962 liberos

87 1992 178 2017 eum
211 1979 344 2016 ceteris
375 1978 479 2014 idem
511 1980 641 2015 aetatis
670 1980 870 2017 nobilibus
900 1981 1067 2017 sedentes
1101 1983 1225 2021 vesci,
1252 1984 1293 2017 iu
1326 1983 1504 2032 adspectu

87 2037 398 2088 propinquorum
410 2062 421 2078 ,
443 2037 598 2086 propria
621 2048 656 2072 et
673 2039 845 2086 parciore
863 2052 1001 2074 mensa.
1052 2037 1136 2074 Illic
1156 2039 1328 2087 epulante
1346 2042 1506 2077 Britan-

87 2096 179 2133 nico
214 2109 318 2145 sequ.
331 2100 357 2117 ‘⁸
415 2095 636 2131 Interfuisse
669 2096 826 2140 Titum,
872 2102 1002 2146 postea
1036 2098 1338 2146 Imperatorem.
1380 2109 1505 2136 narrat

90 2153 234 2192 Noster
253 2153 333 2189 Tit.
353 2166 386 2190 c.
407 2165 443 2188 2.

184 2214 362 2248 comitiali
388 2212 507 2246 morbo
524 2229 572 2238 —
593 2212 801 2259 ementitus]
856 2215 942 2247 Tac.
969 2212 1167 2255 „Innoxia
1195 2212 1317 2249 adhuc
1341 2228 1381 2250 ac
1403 2227 1507 2263 prae·

92 2267 211 2305 calida
232 2279 269 2304 et
299 2268 418 2305 libata
441 2279 556 2318 gustu
576 2270 689 2318 potio
714 2268 878 2304 traditur
898 2269 1143 2310 Britannico;
1171 2271 1277 2314 dein,
1303 2285 1505 2322 postquam

93 2325 248 2363 fervore
273 2326 580 2375 adspernabatur‚
608 2326 748 2373 frigida
767 2327 808 2361 in
828 2340 922 2375 aqua
942 2328 1154 2363 affunditur
1174 2342 1374 2372 venenum,
1401 2329 1506 2378 quod

93 2377 148 2419 it'a
166 2394 321 2420 cunctos
341 2385 422 2430 ejus
441 2396 543 2420 artus
560 2383 747 2432 pervasit,
772 2393 815 2418 ut
835 2397 915 2420 vox
937 2386 1078 2434 pariter
1100 2396 1135 2420 et
1161 2387 1319 2435 spiritus
1338 2400 1507 2435 raperen-

94 2451 174 2482 tur.
232 2441 459 2491 Trepidatur
487 2456 507 2477 a
537 2441 930 2486 circumsedentibus,
976 2443 1192 2492 diffugiunt
1234 2445 1506 2492 imprudentes.

96 2501 164 2544 At,
195 2498 335 2549 quibus
364 2498 478 2535 altior
505 2497 741 2543 intellectus,
776 2500 958 2536 resistunt
986 2501 1120 2545 defixi,
1158 2512 1193 2536 et
1223 2504 1416 2539 Neronem
1449 2502 1507 2536 in-

97 2567 258 2594 tuentes.
306 2556 392 2598 Ille,
423 2567 465 2592 ut
484 2567 564 2592 erat
581 2555 733 2594 reclinis
755 2568 790 2594 et
813 2559 938 2595 nescio
958 2559 1122 2607 similis,
1150 2558 1308 2594 solitum
1334 2560 1407 2600 ita,
1438 2559 1504 2602 ait,

96 2627 164 2664 per
183 2615 418 2652 comitialem
439 2615 622 2651 morbum
635 2641 646 2658 ,
671 2628 750 2663 quo
766 2618 890 2665 prima
907 2618 953 2654 ab
978 2617 1138 2653 infantia
1166 2615 1402 2652 afflictaretur
1421 2616 1506 2653 Bri-

99 2674 273 2710 tannicus
288 2700 299 2717 ,
327 2684 363 2710 et
381 2673 571 2709 redituros
590 2671 776 2720 paulatim
796 2675 902 2710 visus
922 2688 1136 2723 sensusque.
1151 2676 1176 2694 “

193 2735 330 2778 raptim
348 2750 391 2760 ·-·
414 2733 546 2766 exeam
564 2731 716 2778 sunere]
771 2731 863 2768 Tac.
889 2733 1014 2776 „Nox
1044 2732 1173 2768 eadem
1201 2743 1330 2766 necem
1357 2732 1509 2768 Britan·

102 2786 183 2822 nici
203 2799 238 2823 et
257 2801 392 2837 rogum
413 2787 638 2834 conjunxit,
665 2789 821 2836 proviso
845 2802 928 2826 ante
957 2789 1112 2825 funebri
1146 2800 1300 2837 paratu,
1329 2791 1395 2838 qui
1426 2803 1509 2826 mo-

97 2841 209 2881 dicus
240 2845 328 2883 fuit.
383 2848 430 2882 In
457 2858 592 2896 campo
620 2856 746 2882 tamen
764 2848 901 2885 Martis
929 2846 1098 2897 sepultus
1125 2856 1198 2892 est,
1227 2845 1318 2884 adeo
1348 2848 1511 2885 turbidis
