1859 3278
659 143 917 179 Nnnn.
1390 140 1484 203 ¹73

78 265 184 315 dam
211 272 406 327 putant,
442 261 594 306 aliena
618 278 705 322 pro
731 261 826 306 suis
858 261 1016 307 edidit.
1088 261 1275 310 Venere
1303 269 1353 312 in
1392 285 1492 314 ma·

79 355 163 385 nus
181 350 302 380 meas
325 331 577 393 pugillares
611 333 851 391 libellique
890 348 998 376 cum
1037 334 1313 391 quibusdam
1346 340 1492 384 notis-

76 406 204 453 simis
229 403 467 457 versibus,
499 401 645 461 ipsius
668 402 986 464 chirographo
1006 403 1215 463 scriptis:
1264 416 1319 450 ut
1351 408 1491 453 facile

79 481 351 538 appareret,
391 488 488 517 non
512 473 789 532 translatos,
827 482 906 519 aut
930 474 1131 517 dictante
1158 476 1314 534 aliquo
1351 493 1491 522 exce—

76 554 215 609 ptos,
262 544 341 588 sed
378 544 519 603 plane
552 543 681 601 quasi
714 559 738 586 a
777 544 1010 602 cogitante
1052 552 1189 603 atque
1237 557 1493 605 generante

78 622 321 671 exaratos3
358 613 424 656 ita
452 613 597 657 multa
634 620 678 656 et
708 613 887 672 deleta,
925 622 970 657 et
1002 614 1219 671 inducta,
1254 625 1300 660 et
1326 633 1493 678 super-

75 685 253 744 scripta
282 682 478 728 inerant.
530 678 643 745 [53]
678 682 862 726 Habuit
896 690 942 726 et
979 683 1229 743 pingendi,
1263 687 1493 745 fingendi-

79 770 171 815 que
192 752 417 811 maxime,
451 768 544 796 non
570 750 809 796 mediocre
836 753 1053 798 studium.
1093 755 1308 801 Maxime
1334 767 1493 802 autem

74 823 393 888 popularitate
422 822 728 880 efferebatur,
764 822 976 867 omnium
999 825 1232 883 aemulus,
1272 828 1348 887 qui
1377 844 1495 886 quo·

77 909 172 954 quo
209 893 350 936 modo
390 893 601 937 animuin
638 892 769 951 vulgi
799 903 1058 937 moverent.
1130 896 1266 939 Exiit
1308 899 1492 958 opinio,

75 973 187 1027 post
229 962 432 1007 scenicas
476 977 668 1007 coronas
701 962 929 1022 proximo
964 963 1116 1008 lustro
1157 966 1493 1013 descensurum

75 1049 184 1079 oum
214 1033 269 1076 ad
292 1031 521 1092 Olympia
555 1032 680 1076 inter
709 1032 916 1077 athletas.
990 1034 1116 1077 Nam
1152 1044 1198 1080 et
1229 1037 1494 1083 luctabatur

78 1104 282 1149 assidue:
332 1118 419 1147 nec
457 1101 592 1146 aliter
615 1103 887 1157 {certamina
921 1104 1142 1162 gymnica
1178 1113 1272 1149 tota
1297 1107 1495 1153 Graecia

75 1181 392 1235 spectaverat,
430 1187 572 1230 quam
595 1171 926 1215 brabeutarum
946 1186 1078 1216 more
1100 1173 1148 1216 in
1177 1177 1326 1220 stadio
1359 1178 1496 1222 humi

79 1244 314 1298 assidens,
363 1257 444 1297 ac,
480 1241 520 1284 si
559 1256 648 1299 qua
679 1240 810 1299 paria
852 1240 1039 1299 longius
1071 1244 1395 1302 recessissent,
1442 1247 1495 1292 in

75 1313 285 1359 medium
309 1311 522 1354 manibus
545 1310 635 1354 suis
657 1310 946 1370 protrahens.
987 1311 1312 1359 Destinaverat
1333 1317 1494 1374 etiam,

79 1383 189 1443 quia
217 1381 493 1440 Apollinem
518 1388 654 1423 cantu
671 1412 686 1437 ,
722 1379 878 1423 Solem
904 1380 1158 1439 aurigando
1185 1384 1498 1445 aequiparare

78 1451 456 1509 existimaretur,
498 1449 676 1493 imitari
696 1458 742 1494 et
766 1449 992 1494 Herculis
1028 1450 1167 1498 facta.
1239 1454 1500 1516 Praepara⁴

79 1614 202 1664 magis
221 1612 449 1650 credendum
467 1621 598 1661 putem
612 1637 623 1654 ‚
647 1610 692 1647 in
714 1610 959 1651 admittendis
980 1617 1206 1655 rumoribus
1224 1616 1338 1667 longe
1359 1616 1498 1655 diffici-

77 1672 196 1715 liori,
230 1671 272 1706 in
293 1670 362 1714 iis,
390 1682 486 1719 quae
507 1667 656 1714 literas,
684 1669 941 1706 eruditionem
959 1698 971 1715 ,
997 1688 1115 1723 genus
1134 1675 1380 1725 Principum,
1407 1678 1498 1712 Sue-

76 1729 212 1772 tonio,
236 1738 282 1764 ut
298 1726 577 1770 Grammatico,
611 1738 648 1763 et
667 1727 711 1764 in
733 1727 956 1778 indagandis
981 1731 1180 1778 ejusmodi
1205 1733 1316 1770 rebus
1348 1747 1499 1771 accura-

78 1786 253 1823 tissimo.

168 1844 376 1894 pugillares
403 1843 598 1890 libellique]
650 1842 788 1891 Jungit
817 1843 931 1880 etiam
950 1848 1047 1883 Plin.
1074 1848 1184 1895 epist.
1202 1859 1236 1896 9,
1256 1847 1295 1883 6.
1326 1848 1498 1892 „Omne

78 1901 156 1939 hoc
173 1913 323 1950 tempus
343 1900 442 1936 inter
454 1901 661 1948 pugillares
677 1914 724 1935 ac
750 1902 892 1938 libellos
915 1903 1198 1950 jucundissima
1228 1905 1355 1955 quiete
1379 1917 1500 1945 nane-

77 1959 233 2001 misi,“
260 1971 306 1993 ne
328 1958 414 2006 quis
440 1956 598 1992 alterum
624 1956 882 1994 adulterinum
902 1972 1057 1998 censeat.

173 2016 393 2058 translatos]
419 2014 456 2049 h.
477 2028 509 2050 e.
533 2013 686 2049 aliunde
703 2014 866 2063 petitos,
893 2016 1024 2068 plagio
1047 2019 1135 2056 aliis
1155 2018 1338 2057 sublatos.

173 2085 209 2110 et
231 2076 372 2114 deleta,
404 2082 441 2108 et
459 2075 629 2120 inducta]
682 2071 783 2107 Illud
813 2073 860 2109 ad
886 2074 1036 2126 singula
1061 2075 1196 2119 verba,
1222 2076 1298 2114 hoc
1322 2077 1368 2113 ad
1397 2087 1496 2116 totas

78 2133 300 2172 sententias,
335 2128 565 2172 versiculos,
605 2141 726 2178 partes
761 2132 942 2168 carminis
973 2133 1117 2176 refero,
1151 2133 1256 2169 aliud
1286 2135 1494 2173 discrimen

77 2189 271 2238 ignorans.
319 2189 342 2227 J
346 2187 491 2225 unatim
509 2187 692 2235 leguntur
711 2191 829 2223 deleta
853 2198 889 2224 et
908 2193 1061 2225 inducta
1086 2191 1202 2227 etiam
1221 2193 1321 2242 apud
1344 2195 1494 2241 Ulpian,

78 2247 124 2283 in
146 2247 318 2282 Pandect.
339 2249 400 2288 28.
422 2252 455 2288 4,
484 2256 517 2278 1.
544 2246 762 2280 Tacuerunt
783 2244 924 2294 reliqui
942 2244 1180 2295 interpretes.

161 2304 406 2351 fingendique
433 2304 605 2344 maxime]
672 2301 890 2337 Delendum
931 2316 1053 2340 censet
1090 2310 1247 2341 maxime
1278 2317 1367 2355 post
1396 2305 1493 2343 alios

81 2360 264 2409 Wolfius.
314 2359 420 2393 Mihi
451 2371 554 2395 secus
586 2357 753 2394 videtur.
801 2359 940 2396 Graece
972 2362 1164 2399 efferrem:
1201 2365 1398 2401 ἐσπούδασε
1429 2363 1492 2401 καὶ

79 2418 163 2464 *⁵23
189 2418 251 2462 τὴν
281 2415 488 2462 Ὑραφικὴν,
514 2416 675 2460 μάλιστα
704 2417 744 2452 δὲ
777 2417 857 2464 περὶ
882 2419 947 2464 τὴν
975 2422 1190 2466 πλαστικῆν.
1238 2424 1357 2465 Perit,
1387 2422 1494 2471 quod

55 2507 63 2517 ,
82 2486 215 2511 auctor
237 2474 350 2515 dicit,
375 2486 461 2522 prae
481 2471 638 2520 reliquis
656 2473 801 2510 artibus
814 2475 996 2524 plasticen
1018 2492 1102 2513 eum
1124 2490 1316 2522 tractasse,
1345 2482 1493 2516 omisso

81 2531 285 2568 vocabulo.
333 2531 512 2566 Ceterum
532 2530 608 2565 hoc
635 2542 818 2579 punctum
847 2547 935 2570 cum
963 2536 1152 2584 superiori
1189 2537 1308 2584 eapite
1334 2538 1496 2583 conjun-

81 2589 250 2637 gendum
276 2599 370 2637 puto
386 2614 396 2631 ,
425 2601 459 2623 et
494 2600 643 2623 novum
675 2589 961 2638 incipiendum:
1003 2596 1168 2629 Maxime
1195 2606 1342 2634 autem.
1367 2606 1411 2630 ut
1438 2603 1494 2632 eat

83 2645 126 2680 in
142 2646 274 2682 multis
299 2657 369 2694 pro
391 2650 566 2681 maxima.

175 2707 280 2740 Exiit
299 2707 432 2751 opinio]
471 2704 497 2737 i.
521 2717 552 2738 e.
573 2703 692 2746 fama,
720 2716 765 2740 ut
781 2709 944 2753 opinari,
967 2711 1119 2750 sentire,
1148 2712 1358 2745 existimare
1377 2721 1486 2759 saepe

81 2757 258 2795 dicuntur
275 2773 344 2809 pro
362 2765 578 2796 sententiam
598 2765 779 2809 proferre,
805 2769 935 2800 dicere.
963 2777 1000 2800 v.
1024 2764 1104 2800 ind.

169 2817 441 2860 brabeutarum]
465 2817 701 2865 ἀγωνοθετῶν
721 2819 765 2854 in
782 2819 885 2857 ludis
902 2822 1110 2870 gymnicin.
