1795 3262
297 163 397 210 '254
687 177 730 208 c,
816 172 1295 205 SUEToNII

300 294 409 337 bem
433 289 629 348 denique
658 289 713 333 ad
749 288 987 332 classicum
1024 286 1205 329 introiit
1242 287 1510 346 paludatus,
1549 287 1696 332 ferro³

302 377 392 420 que
424 361 712 416 succinctus,
753 359 872 400 inter
903 356 1030 412 signa
1072 364 1206 412 atque
1243 357 1443 414 vexilla,
1479 358 1694 415 sagulatis

301 429 577 486 comitibus,
618 444 670 471 ac
698 426 886 470 detectis
914 424 1284 467 commilitonum
1322 427 1472 469 armis.
1545 427 1694 484 Magis

301 500 467 546 deinde
490 515 542 540 ac
566 498 709 553 magis
733 495 860 539 omni
889 489 1049 537 divino
1083 495 1375 553 humanoque
1406 497 1508 553 jure
1542 497 1697 554 negle-

301 581 404 627 cto,
445 567 640 610 Alliensi
682 567 755 608 die
790 564 1112 623 pontificatum
1144 563 1400 607 maximum
1434 565 1578 622 cepit:
1618 581 1696 608 co-

298 639 431 684 mitia
468 637 515 679 in
551 637 706 678 decen]
747 650 887 676 annos
919 632 1180 689 ordinavit,
1234 648 1371 690 seque
1411 643 1694 692 perpetuum

300 707 565 753 Consulem.
641 704 699 745 Et
719 719 774 746 ne
799 702 870 745 cui
896 702 1085 745 dubium
1105 703 1256 755 foret,
1293 703 1416 759 quod
1453 706 1696 762 exemplar

299 781 526 835 regendae
554 773 859 831 Reipublicae
881 771 1096 829 eligeret,
1133 771 1288 813 medio
1315 769 1488 814 Martio
1516 787 1695 831 campo,

297 845 503 892 adhibita
541 843 836 900 publicorum
867 841 1156 883 sacerdotum
1189 839 1474 898 frequentia,
1507 841 1695 885 inferias

295 913 479 962 Neroni
502 912 652 956 dedit:
688 927 742 957 ac
768 910 982 954 sollemni
1004 909 1222 955 convivio
1247 910 1567 955 citharoedum
1597 912 1698 971 pla-

389 1120 445 1154 αεὶ
471 1115 678 1161 classicum]
737 1112 879 1150 Contra
910 1117 998 1150 Tac.
1015 1122 1051 1156 2,
1074 1119 1132 1164 39.
1164 1116 1281 1164 „Ipse
1308 1113 1509 1157 Vitellius,
1535 1127 1556 1150 a
1582 1123 1699 1162 ponte

292 1176 439 1215 Milvio
454 1200 464 1217 ,
489 1172 634 1220 insigni
658 1183 776 1219 equo,
803 1170 1000 1219 paludatus
1020 1172 1302 1220 accinctusque,
1326 1173 1502 1206 Senatum
1521 1180 1556 1205 et
1576 1173 1698 1217 Popu-

291 1231 377 1272 lum
410 1243 493 1268 ante
520 1243 556 1266 se
584 1240 712 1276 agen8‚
750 1240 825 1276 quo
857 1228 983 1264 minus
1011 1239 1055 1264 ut
1081 1240 1227 1277 captam
1248 1228 1393 1264 Urbem
1424 1228 1695 1277 ingrederetur,

292 1293 508 1330 amicorum
551 1284 713 1322 consilio
760 1284 980 1329 deterritus,
1023 1298 1146 1321 sumta
1179 1296 1368 1335 praetexta
1404 1295 1442 1321 et
1480 1285 1696 1334 composito

290 1349 443 1400 agmine
459 1344 623 1380 incessit.
641 1345 664 1361 “
690 1355 728 1377 v.
753 1342 795 1376 ad
820 1342 922 1378 hunc
939 1343 966 1379 l.
991 1343 1116 1379 Taciti
1140 1343 1315 1380 Oberlin.

384 1406 534 1441 Alliensi
558 1403 630 1447 die]
681 1401 767 1438 XV.
786 1398 869 1434 Kal.
893 1401 1023 1436 Sextil.
1048 1403 1097 1448 (a.
1130 1408 1182 1446 13.
1200 1400 1313 1448 Jul.),
1343 1412 1418 1449 quo
1447 1399 1525 1436 fusi
1553 1400 1700 1436 fuerant

289 1462 460 1501 Romani
487 1459 532 1494 ad
562 1457 706 1492 flumen
728 1455 889 1500 Alliam,
920 1458 964 1493 de
992 1472 1064 1507 qua
1090 1458 1193 1494 clade
1221 1472 1260 1493 v.
1280 1462 1359 1494 Liv.
1379 1466 1413 1501 5,
1446 1467 1504 1503 57.
1525 1470 1627 1506 sequ.
1652 1478 1694 1487 —-

290 1521 350 1557 De
381 1523 438 1555 die
463 1528 550 1552 atra
576 1517 732 1551 Alliensi
757 1527 796 1549 v.
818 1519 944 1550 Rosin.
968 1517 1056 1551 Ant.
1078 1517 1122 1557 R.
1142 1520 1181 1561 4,
1214 1528 1248 1550 2.
1270 1529 1307 1564 p.
1327 1522 1407 1559 235.
1436 1528 1546 1563 quem
1578 1516 1700 1551 miror

290 1591 382 1616 mun
408 1574 516 1616 aliis,
556 1573 623 1619 qui
651 1572 694 1605 de
723 1571 908 1606 institutis
939 1574 1200 1607 Romanorum
1231 1573 1477 1619 scripserunt,
1513 1573 1614 1607 diem
1634 1571 1697 1608 Al-

291 1636 448 1671 liensem
482 1641 620 1678 ponere
647 1629 771 1665 XVII·
792 1627 874 1662 Kal.
892 1628 1045 1672 sextil„
1072 1641 1160 1664 cum
1195 1629 1309 1663 etiam
1331 1633 1412 1663 Liv.
1436 1629 1469 1671 6,
1502 1641 1533 1662 ι.
1558 1630 1696 1670 „Tum

292 1694 339 1729 de
358 1690 490 1725 diebus
519 1684 710 1731 religiosis
738 1683 874 1729 agitari
908 1695 1106 1732 coeptum,
1154 1685 1331 1742 ‹iiemque
1362 1699 1393 1719 a.
1427 1684 1464 1718 d.
1494 1685 1584 1721 XV.
1611 1683 1696 1720 Hal.

289 1753 390 1786 Sext.
404 1772 414 1788 ‚
441 1742 586 1792 duplici
605 1741 705 1776 clade
727 1741 939 1788 insignem,
968 1746 1062 1789 (quo
1089 1741 1149 1776 die
1170 1742 1215 1776 ad
1226 1742 1439 1777 Cremeram
1458 1740 1569 1776 Fabii
1589 1742 1696 1784 caesi,

290 1819 368 1856 quo
408 1801 542 1838 deinde
580 1798 626 1833 ad
671 1797 810 1832 Alliam
848 1811 934 1832 cum
969 1799 1088 1833 exitio
1115 1797 1234 1834 Urbis
1266 1798 1374 1833 foede
1401 1800 1644 1847 pugnatum‚)
1677 1811 1697 1834 a

291 1859 502 1914 posteriore
518 1855 620 1892 clade
635 1853 840 1890 Alliensem
862 1854 1113 1903 appellarunt,
1139 1856 1405 1903 insignemque
1424 1855 1480 1890 rei
1500 1854 1599 1890 nulli
1629 1869 1698 1904 pu·

291 1921 393 1958 blico
423 1914 682 1965 privatimque
711 1912 871 1959 agendae
910 1911 1125 1947 fecerunt.“
1152 1931 1196 1941 —
1270 1912 1361 1946 Tac.
1385 1922 1418 1952 2,
1449 1925 1508 1961 9¹·
1551 1912 1697 1961 „Apud

291 1978 506 2016 civitatem,
534 1982 668 2010 cuncta
688 1971 1018 2018 interpretantem,
1048 1969 1188 2004 funesti
1216 1969 1362 2005 ominis
1389 1968 1474 2005 loco
1501 1981 1696 2018 acceptum

293 2047 366 2078 est,
397 2031 519 2080 quod,
542 2028 758 2063 maximum
778 2026 1039 2075 pontificatum
1063 2026 1235 2075 adeptus,
1263 2025 1442 2070 Vitellius
1463 2026 1508 2061 de
1537 2027 1698 2063 cerimo-

291 2093 368 2129 niis
396 2085 560 2138 publicis
589 2087 676 2124 XV.
710 2083 795 2120 Kal.
824 2086 920 2131 Aug.
954 2083 1152 2127 edixisset,
1197 2084 1406 2131 antiquitus
1442 2083 1608 2119 infausto
1637 2084 1698 2120 die.

292 2144 527 2188 Cremerensi
549 2142 780 2190 Alliensique
805 2140 987 2177 cladibus.
1022 2141 1113 2176 adeo
1149 2141 1274 2176 omnis
1310 2139 1468 2175 humani
1496 2140 1698 2189 divinique

291 2208 388 2256 juris
410 2214 558 2250 expers,
583 2199 665 2247 pari
685 2198 915 2233 libertorum
938 2198 1226 2245 amicorumque
1252 2198 1448 2238 socordia,
1470 2197 1577 2233 velut
1595 2198 1696 2234 inter
1730 2239 1734 2242 ,

291 2262 518 2302 temulentos
542 2256 684 2303 agebat.
696 2258 721 2274 “
770 2256 913 2301 Xiplu'l.
931 2257 988 2299 65,
1010 2266 1045 2292 2.
1085 2254 1333 2303 simpliciter:
1367 2253 1445 2291 οὔτε
1464 2260 1535 2291 τῶν
1560 2256 1695 2305 ἀνθρω-

293 2325 400 2359 πίνων
423 2315 504 2354 οὗτε
524 2319 594 2350 τῶν
618 2314 722 2350 ,θείων
746 2313 964 2361 ἐφρόντιζεν.

386 2377 532 2411 comitia
554 2391 596 2400 —
618 2375 818 2413 ordinavit]
868 2372 927 2406 De
953 2368 1231 2410 consulatibus,
1267 2382 1354 2404 cum
1382 2369 1549 2405 maxima
1578 2369 1694 2407 lieen-

294 2438 346 2474 tia
367 2434 411 2470 ab
435 2445 478 2467 eo
497 2430 601 2471 datis,
628 2442 667 2465 v.
692 2434 776 2464 Tac.
796 2438 829 2467 2,
853 2437 910 2470 71.
960 2429 1015 2462 Id.
1037 2437 1068 2470 5,
1092 2435 1149 2470 55.
1172 2427 1380 2468 „festinare
1402 2429 1582 2470 comitia,
1608 2429 1695 2476 qui·

293 2495 364 2531 bus
384 2488 564 2527 Consules
595 2486 637 2521 in
665 2485 807 2520 multos
837 2498 953 2519 annos
981 2484 1237 2519 destinabat.“
1260 2503 1307 2508 —
1355 2486 1530 2522 Veterem
1562 2485 1692 2521 inscri-

292 2552 482 2601 ptionem,
523 2545 565 2578 in
580 2540 583 2543 Δ
599 2557 670 2591 qua
703 2545 744 2578 A.
767 2544 933 2577 Vitellius
955 2547 1000 2579 L.
1020 2546 1066 2576 F.
1088 2546 1304 2588 Imperator.
1326 2541 1382 2576 Cs.
1401 2547 1525 2589 Perp.‚
1563 2542 1693 2579 attulit

294 2605 551 2645 casaubonus.
584 2601 631 2635 cf.
652 2603 805 2648 Ptglzizts
827 2602 924 2633 Ann.
943 2600 988 2633 T.
1013 2601 1080 2633 111.
1098 2612 1135 2647 p.
1156 2599 1240 2645 609.

385 2669 536 2710 insertas
556 2663 688 2693 Netum
713 2659 828 2697 dedit]
880 2661 966 2690 Tac.
989 2668 1021 2699 2,
1043 2658 1100 2704 95.
1130 2657 1325 2698 „Laetum
1357 2654 1582 2692 foedissimo
1611 2658 1691 2692 cui-

292 2736 382 2772 que,
410 2722 505 2767 apud
533 2717 654 2751 bonos
681 2714 849 2749 invidiae
876 2713 971 2755 luit,
999 2712 1121 2760 quod,
1148 2711 1345 2747 exstructis
1375 2713 1415 2746 in
1435 2726 1566 2759 campo
1588 2715 1692 2750 Mar-

290 2782 346 2815 tio
369 2779 458 2818 aris,
489 2772 640 2809 inlerias
661 2773 806 2807 Neroni
826 2770 981 2804 fecisset.
1009 2783 1130 2805 eaesae
1156 2769 1306 2818 publice
1338 2770 1518 2804 victimae
1551 2783 1690 2806 crema·

289 2847 438 2883 taeque3
477 2833 598 2868 facem
625 2827 842 2877 Augustales
876 2826 1126 2862 subdideie.“
1182 2828 1323 2874 Xiplu‘l.
1349 2827 1408 2870 65,
1437 2836 1474 2870 7.
1507 2828 1570 2872 (cx
1593 2829 1686 2865 Exc.
