1859 3278
545 148 1033 192 cLAunrus.
1425 149 1490 193 53

88 276 276 333 omnes,
314 272 393 332 qui
431 284 805 335 exponerentur,
840 277 1012 320 liberos
1047 292 1140 321 esse
1170 279 1351 336 sanxit,
1398 294 1486 322 nec

87 352 243 397 redire
264 346 313 389 in
333 344 558 389 ditionem
583 346 786 403 domini,
818 347 854 389 si
889 348 1254 391 convaluissent:
1292 350 1415 405 quod
1445 348 1485 391 si

89 421 191 480 quis
213 430 379 462 necare
404 431 538 473 quem
561 416 742 473 mallet,
773 434 909 475 quam
931 433 1184 476 exponere,
1224 417 1371 459 caedis
1397 418 1485 460 cri-

85 491 212 536 mine
234 484 395 533 teneri.
458 486 666 528 Viatores
690 503 746 529 ne
772 503 855 544 per
876 488 1034 530 ltaliae
1055 487 1257 546 oppida,
1290 486 1378 529 nisi
1404 496 1485 529 aut

83 559 303 623 pedibus,
352 562 430 598 aut
466 557 600 612 sella,
650 565 725 598 aut
757 557 921 599 lectica
966 558 1246 613 transirent,
1301 555 1484 599 monuit·

83 630 251 675 edicto.
302 625 504 671 Puteolis
530 633 574 668 et
599 623 757 667 Ostiae
778 627 979 682 singulas
1008 629 1222 670 cohortes
1246 627 1303 669 ad
1325 641 1485 669 arcen-

82 703 167 745 dos
197 695 521 742 incendiorum
560 710 687 736 casus
727 696 985 740 collocavit.
1057 696 1334 755 Peregrinae
1371 709 1486 739 con-

81 769 273 815 ditionis
314 764 523 808 homines
572 764 717 807 vetuit
762 781 986 825 usurpare
1021 766 1234 809 Romana
1272 766 1481 822 nomina,

81 842 309 885 duntaxat
330 832 576 892 gentilicia.
652 833 900 878 Civitatem
926 836 1183 879 Romanam
1208 843 1482 894 usurpantes

73 911 124 953 in
152 923 317 967 campo
332 903 576 961 Esquilino
597 904 745 946 securi
767 905 1004 964 percussit.
1041 906 1314 951 Provincias
1326 904 1484 948 Acha-

70 983 171 1041 jam
205 988 248 1021 et
271 974 629 1028 Macedoniam,
668 988 781 1031 quas
812 975 1027 1019 Tiberius
1061 977 1117 1019 ad
1157 992 1313 1020 curam
1349 990 1481 1023 suam

75 1049 407 1099 transtulerat,
440 1042 634 1086 Senatui
656 1044 874 1088 reddidit.
945 1045 1135 1105 Lyciis,
1171 1045 1230 1088 ob
1263 1044 1480 1091 exitiabi-

71 1223 201 1270 θέρους
221 1218 327 1262 εἶναι,
352 1219 423 1257 ubi
441 1234 479 1258 v.
498 1220 648 1257 Fabrie.
693 1222 755 1257 De
774 1222 893 1257 insula
909 1221 1119 1270 Aesculapii
1146 1236 1184 1258 v.
1210 1224 1292 1257 Liv.
1315 1229 1347 1262 2,
1379 1225 1414 1263 5·
1442 1226 1479 1253 et

69 1281 172 1330 Epir.
197 1284 277 1315 Ls‘v.
300 1290 353 1312 ιι.

168 1340 337 1373 Viatores
354 1353 400 1362 -·
419 1339 551 1382 edicto]
603 1334 743 1371 Noluit
769 1335 908 1382 igitur,
954 1349 1052 1384 equo
1093 1336 1154 1372 vel
1195 1333 1374 1371 vehiculo
1412 1345 1477 1369 eos

72 1393 184 1437 vehi,
211 1406 290 1428 non
310 1402 423 1439 puto,
451 1406 546 1439 quae
568 1392 762 1427 Tou-enni
783 1404 835 1428 est
850 1394 1053 1437 sententia,
1079 1408 1125 1428 ne
1145 1394 1229 1428 viae
1257 1404 1477 1438 corrumpe-

70 1463 221 1493 rentur,
248 1450 309 1484 sed
336 1463 382 1484 ne
409 1450 530 1485 honos
552 1451 701 1486 Caesari
728 1451 1086 1498 magistratibusque
1116 1450 1285 1493 debitus,
1320 1460 1356 1484 et
1386 1461 1475 1484 ova-

72 1508 173 1545 tioni
193 1518 304 1554 atque
325 1506 520 1554 triumpho
542 1508 740 1555 proprius,
770 1521 789 1541 a
818 1507 978 1555 privatis
1007 1518 1260 1554 usurparetur.
1312 1508 1475 1554 Compa-

68 1577 126 1602 rat
146 1567 319 1601 Torrent.
341 1562 466 1599 simile
492 1563 659 1600 edictum
679 1563 837 1600 Adriani
869 1577 914 1598 ex
936 1568 1125 1611 Spartian.
1152 1574 1233 1609 22.‚
1262 1575 1298 1599 et
1319 1567 1374 1599 M.
1400 1567 1475 1599 An-

70 1622 199 1659 tonini
228 1635 274 1656 ex
305 1623 500 1666 capitolin.
519 1630 576 1665 23.
625 1624 670 1656 In
698 1622 823 1657 edicto
855 1622 1016 1657 Adriani
1047 1622 1151 1670 quod
1178 1621 1354 1657 vehicula
1384 1635 1474 1658 cum

66 1677 288 1728 ingentibus
308 1677 462 1713 sarcinis
487 1678 631 1714 Urbem
650 1678 803 1727 ingredi
830 1679 1109 1729 prohibentur,
1137 1679 1177 1715 id
1204 1693 1289 1715 sane
1319 1680 1365 1715 ad
1392 1681 1473 1716 via·

65 1750 153 1774 rum
174 1748 302 1772 curam
321 1734 511 1784 Urbisque
541 1737 789 1784 frequentiam
822 1737 1045 1786 impeditam
1073 1736 1150 1773 illis
1178 1738 1365 1774 vehiculis
1394 1751 1474 1786 spe-

66 1807 166 1832 ctare
196 1793 364 1830 videtur.
412 1794 483 1829 sed
516 1794 588 1829 alia
616 1807 672 1830 res
703 1808 790 1830 cum
819 1795 947 1843 equis,
975 1808 1141 1844 quorum
1166 1809 1277 1831 usum
1306 1795 1358 1832 ob
1388 1797 1470 1832 vias

64 1854 249 1894 vetitum,
276 1852 496 1900 persuadere
516 1852 617 1887 mihi
637 1864 795 1900 nequeo.

159 1913 345 1946 duntaxat
368 1912 579 1958 gentilicia]
620 1920 664 1945 ut
691 1908 782 1945 adeo
810 1910 1046 1958 permitteret
1073 1911 1318 1962 praenomina
1344 1920 1380 1947 et
1409 1923 1470 1947 co·

63 1969 269 2018 gnomina,
301 1977 342 2002 ut
360 1979 539 2003 notarunt
565 1968 643 2013 jam
665 1967 754 2002 Ern.
780 1978 815 2002 et
841 1969 1019 2006 Oudend.
1052 1982 1182 2007 contra
1209 1972 1363 2013 Bur-m„
1399 1969 1467 2017 qui

64 2026 233 2076 margini
249 2025 437 2074 adscripta
455 2025 547 2060 haec
568 2022 681 2059 verba
703 2025 917 2071 existimat,
943 2041 1078 2077 parum
1114 2027 1387 2078 probabiliter,
1416 2038 1468 2062 et·

64 2086 141 2120 iam
165 2084 215 2120 ob
242 2082 427 2119 rariorem
458 2095 571 2118 usum
604 2095 690 2117 voc.
721 2086 918 2121 duntaxat.
968 2087 1147 2122 Ceterum
1177 2088 1218 2122 in
1246 2086 1320 2122 lio'c
1352 2085 1467 2122 etiam

63 2143 187 2178 edicto
204 2139 387 2188 reliquiae
408 2151 583 2188 apparent
604 2140 779 2188 antiquae
799 2142 995 2190 superbiae
1016 2145 1139 2192 gentis
1158 2144 1351 2179 Claudiae.

153 2203 193 2234 in
213 2212 339 2244 campo
357 2199 516 2245 Esquil]
565 2197 762 2246 Supplicia
780 2209 883 2235 extra
905 2212 1054 2249 portam
1074 2202 1313 2250 Esquilinam
1332 2201 1465 2239 haberi

61 2256 173 2294 solita
197 2256 327 2298 fuisse,
352 2256 462 2291 docet
477 2257 583 2303 Lips.
600 2256 645 2290 ad
668 2261 753 2291 Tac.
776 2267 808 2299 2,
829 2258 887 2292 33.
907 2271 1053 2295 excurs.
1070 2261 1118 2296 H.

153 2315 282 2358 Aclzaj.
309 2324 343 2349 et
362 2317 504 2350 Maced.
528 2332 575 2339 —
592 2317 767 2363 reddidit]
817 2318 878 2352 De
898 2316 1056 2353 Tiberio
1076 2329 1245 2354 auctores
1263 2328 1350 2354 sunt
1380 2321 1465 2353 Tac-

60 2375 104 2421 A.
128 2385 160 2416 ι,
188 2369 247 2414 76.
276 2371 494 2418 „Achaiam
526 2384 567 2406 ac
601 2371 889 2417 Macedoniam,
920 2387 1033 2410 onera
1064 2375 1319 2424 deprecantes,
1346 2374 1464 2410 levari

60 2432 102 2466 in
124 2442 293 2480 praesens
312 2427 574 2477 proconsulari
601 2430 790 2477 imperio,
820 2431 992 2480 tradique
1013 2433 1162 2469 Caesari
1193 2434 1353 2482 placuit,
1372 2437 1391 2450 “
1424 2442 1462 2467 et

61 2493 136 2525 Dio
157 2494 215 2532 53,
235 2495 292 2530 25.
323 2486 343 2530 ἡ
372 2486 601 2528 Μακεδονία,
632 2489 677 2530 ὡς
701 2489 738 2524 δέ
757 2488 847 2531 τινές
877 2493 990 2533 φασι,
1019 2491 1079 2526 καὶ
1112 2492 1131 2536 ἦ
1157 2489 1325 2538 Ἀχαΐα.
1350 2489 1458 2535 ἄκλη-

62 2545 162 2593 Quave}
182 2543 460 2591 προςετᾶσσοντο
484 2544 668 2594 (Regulo,
698 2546 861 2594 Poppaei
889 2547 1021 2582 Sabini
1047 2549 1269 2590 successori,
1299 2558 1339 2582 ut
1366 2547 1458 2583 adeo

59 2604 142 2641 Dio
173 2615 252 2637 non
275 2601 467 2638 dubitasse
493 2602 686 2646 videatur,
721 2604 825 2652 quod
850 2605 1008 2641 casaub.
1043 2606 1155 2648 dicit,
1190 2619 1234 2640 an
1255 2605 1393 2650 Achaja
1422 2615 1458 2640 et

59 2661 139 2710 ipsa
158 2658 347 2709 Caesareus
365 2659 578 2707 provinciis
598 2660 723 2696 addita
745 2660 872 2705 fuerit,
901 2663 974 2706 sed,
1004 2677 1050 2697 an
1069 2662 1214 2710 Regulo
1235 2661 1353 2697 simul
1369 2676 1457 2697 cum

58 2716 284 2753 Macedonia
304 2716 539 2760 commissa.)
590 2719 673 2756 Jam
693 2718 737 2754 de
754 2718 916 2755 Claudio
939 2725 1010 2755 Dio
1030 2721 1091 2762 60,
1116 2726 1170 2761 24.
1195 2721 1257 2765 τὴν
1280 2735 1319 2756 τε
1339 2720 1458 2768 Ἀχα-

57 2775 116 2811 ΐαν
144 2776 204 2812 καὶ
235 2773 297 2819 τὴν
333 2773 585 2815 Μακεδονίαν,
615 2773 765 2822 αἶρε-τοῖς
796 2776 993 2824 ἄρχουσιν,
1030 2777 1067 2818 ἐξ
1099 2772 1206 2825 οὗπερ
1239 2780 1256 2815 ὃ
1291 2779 1456 2826 Τιβέριος

57 2828 143 2880 ἦρξε
157 2859 168 2874 ,
191 2830 394 2878 διδομένας,
424 2831 600 2870 ἀπέδωκεν
622 2834 638 2872 ὃ
662 2834 841 2879 Κλαύδιος
860 2836 942 2873 τότε
961 2837 1009 2879 (a.
1032 2836 1129 2884 797.)
1149 2837 1202 2882 τῷ
1223 2836 1354 2883 κλῇρῳ,
