1859 3278
0 2516 20 2668 -——-——-‘

0 2952 5 2988 „a
0 2813 5 2941 ,ψη-,ηη
10 2753 18 2760 Ι

1424 143 1525 191 405

305 306 651 364 CAJI
774 315 1328 370 PLINII

585 424 1042 489 VITA.

105 605 344 693 PLINIUS
403 647 695 712 SECUNDUS,
765 653 1166 714 Novocomensis‚·
1220 665 1509 722 equestribus

100 724 282 768 militiis
300 724 525 771 industrie
546 728 744 786 functus,
782 734 1133 789 procurationes
1153 752 1334 796 quoque
1355 743 1509 800 splen-

100 794 388 850 didissimas,
426 805 560 856 atque
597 800 866 858 continuas,
911 819 1093 847 summa
1132 805 1394 867 integritate
1428 813 1506 855 ad-

96 864 407 924 ministravit,
445 878 490 912 et
515 877 669 914 tamen
700 871 966 915 liberalibus
991 873 1154 918 studiis
1185 885 1357 923 tantam
1391 897 1503 941 ope-

94 950 195 977 ram
227 935 382 993 dedit,
421 947 471 981 ut
494 955 590 982 non
614 948 787 984 temere
811 941 910 997 quis
930 943 1063 1001 plura
1090 943 1138 988 in
1174 947 1270 991 otio
1307 951 1503 1010 scripse-

93 1004 169 1048 rit.
202 1004 363 1063 Itaque
387 1007 507 1050 bella
531 1009 714 1066 omnia,
752 1025 866 1068 quae
889 1028 1092 1069 unquam
1121 1031 1225 1059 cum
1254 1018 1500 1066 Germanis

93 1084 216 1133 gesta
243 1085 376 1131 sunt,
415 1077 581 1133 viginti
605 1081 919 1124 voluminibus
952 1086 1320 1144 comprehendit.
1381 1091 1494 1135 Item

90 1145 314 1188 naturalis
357 1145 582 1191 historiae
636 1149 824 1207 triginta
874 1161 1047 1212 septem
1093 1155 1239 1200 libros
1285 1160 1497 1205 absolvit.

88 1214 235 1258 Periit
257 1215 389 1259 clade
415 1217 705 1277 Campaniae.
770 1220 891 1264 Nam
920 1238 1060 1280 quum
1088 1226 1339 1272 Misenensi
1364 1231 1498 1275 classi

87 1291 347 1344 praeesset,
400 1295 445 1330 et
477 1288 699 1345 flagrante
722 1289 910 1335 Vesevo
944 1294 1002 1336 ad
1037 1296 1348 1354 explorandas
1387 1317 1495 1360 pro-

85 1354 192 1415 pius
236 1370 392 1398 causas
417 1357 674 1403 Liburnica
704 1361 1037 1420 pertendisset,
1071 1381 1221 1424 neque
1250 1369 1495 1414 adversan-

86 1425 212 1468 tibus
252 1425 400 1469 ventis
438 1443 645 1472 remeare
682 1441 862 1489 posset,
903 1431 949 1475 vi
979 1436 1185 1493 pulveris
1223 1454 1273 1481 ac
1304 1439 1493 1485 favillae

85 1509 331 1553 oppressus
362 1505 457 1556 est3
511 1499 611 1556 vel,
650 1509 701 1543 ut
732 1502 919 1558 quidam
954 1504 1251 1563 existimant,
1298 1525 1321 1552 a
1356 1527 1490 1554 servo

87 1580 173 1606 suo
210 1564 412 1623 occisus,
461 1583 628 1625 quem,
677 1571 893 1616 deficiens
925 1581 1078 1632 aestu,
1127 1584 1178 1620 ut
1209 1592 1371 1622 necem
1400 1580 1490 1626 sibi

82 1642 366 1692 maturaret,
406 1638 621 1682 oraverit.

175 1826 470 1867 Novocomensis]
522 1825 608 1861 Imo
642 1830 866 1863 Veronensis.
925 1830 1191 1867 Confunditur
1216 1845 1305 1869 cum
1332 1835 1487 1882 juniore

78 1880 220 1922 Plinio,
249 1881 318 1929 qui
334 1881 640 1920 Novocomensis
661 1883 746 1920 fuit.
782 1884 889 1921 Idem
911 1899 1016 1923 error
1032 1898 1086 1925 est
1102 1893 1316 1939 Hieronymi
1334 1893 1483 1932 Chron.

77 1937 217 1976 Euseb.
239 1951 278 1975 n.
303 1946 409 1984 2125.
