1859 3278
510 124 1069 170 Vr‘rELLius.
1388 129 1483 172 255

77 262 259 302 'centem
284 247 439 313 palam
465 253 737 312 admonuit,
775 261 826 297 ut
863 255 1039 314 aliquid
1077 264 1121 299 et
1153 257 1208 301 de
1236 257 1488 302 Dominico

80 329 280 380 diceret3
335 323 670 382 inchoantique
719 325 990 370 Neroniana
1037 326 1250 381 cantica,
1305 331 1486 387 primus

79 395 315 441 exsultans
341 393 480 436 etiam
503 394 693 453 plausit.
736 392 849 458 [12]
890 395 1080 439 Talibus
1105 396 1368 455 principiis,
1394 414 1488 442 ma-

77 480 215 524 gnam
241 463 430 523 imperii
457 473 638 524 partem
661 480 757 508 non
782 465 871 509 nisi
893 466 1089 510 consilio
1114 475 1159 510 et
1190 467 1385 509 arbitrio
1419 468 1490 511 vi-

73 533 240 580 lissimi
263 535 480 592 cujusque
499 535 781 578 histrionum
818 544 862 579 et
895 535 1162 595 aurigarum
1198 537 1491 581 administra·

45 604 174 662 .vit‚
211 611 256 647 et
278 604 486 647 maxime
509 603 711 648 Asiatici
750 605 924 649 liberti.
995 607 1135 650 Hunc
1170 607 1492 651 adolescentu-

75 674 204 731 lum,
242 683 402 718 mutua
425 674 622 717 libidine
647 683 1026 734 constupratum,
1067 691 1181 720 mox
1208 678 1359 720 taedio
1383 693 1495 737 pro-

78 743 245 802 fugum
267 776 281 801 ,
320 759 464 802 quum
493 744 698 788 Puteolis
727 761 916 804 poscam
939 747 1218 790 vendentem
1242 749 1498 807 reprehen-

80 814 243 871 disset,
295 815 494 872 conjecit
532 814 581 858 in
616 816 894 874 compedes,
943 817 1194 875 statimque
1229 818 1397 876 solvit,
1448 827 1496 862 et

78 899 238 936 rursus
265 881 314 933 in
340 883 520 927 deliciis
541 884 732 927 habuit:
768 885 937 929 iterum
977 887 1169 944 deinde,
1207 887 1265 930 ob
1297 889 1496 933 nimiam

80 952 424 998 contumaciam
447 963 492 997 et
510 953 803 998 ferocitatem
835 965 1078 1013 gravatus,
1117 957 1493 1002 circumforaneo

80 1023 277 1070 lanistae
312 1023 552 1082 vendidit,
588 1024 878 1084 dilatumque
915 1026 973 1069 ad
1004 1027 1143 1070 finem
1182 1029 1387 1072 muneris
1424 1045 1499 1072 re-

79 1101 222 1156 pente
248 1093 506 1154 surripuit,
545 1102 591 1139 et
612 1095 863 1156 provincia
897 1098 1082 1142 demum
1117 1106 1308 1158 accepta
1335 1114 1502 1153 manu-¹

82 1306 255 1348 Peirese.)
283 1300 338 1342 ὅτι
372 1303 493 1351 μέντοι
519 1304 581 1342 τὸν
606 1305 762 1353 Νέρωνα
788 1309 979 1354 μιμεῖσθαι
1009 1307 1140 1356 ἤθελε,
1184 1309 1247 1347 καὶ
1284 1308 1427 1358 ἐνὴγισέ
1463 1323 1503 1347 τι

89 1365 213 1409 αὐτῷ,
239 1364 298 1399 καὶ
322 1359 375 1399 ὅτι
404 1368 565 1400 τοσαῦτα
594 1364 628 1407 ἐς
655 1365 701 1400 τὰ
730 1367 850 1402 δεῖπνα
878 1367 1087 1411 ἀνήλισκεν,
1121 1366 1152 1404 οἷ
1182 1370 1245 1414 μἐν
1277 1367 1382 1404 ἄλλοι
1410 1368 1505 1404 κατὰ

88 1422 188 1459 τοῦτ’
208 1421 377 1469 ἔχαιρον,
403 1419 436 1458 οἵ
457 1423 494 1458 δὲ
516 1423 556 1468 δὴ
581 1427 660 1458 vesu
680 1421 824 1470 ἔχοντες
846 1423 1024 1472 ἤχθοντο.
1049 1439 1087 1461 v.
1108 1425 1169 1460 ibi
1190 1427 1358 1461 Reimar.

184 1495 226 1527 de
253 1495 463 1534 Dominico]
518 1493 573 1526 Ita
606 1491 748 1539 optimi
777 1492 910 1537 codd.,
947 1504 983 1529 et
1011 1505 1231 1543 receperunt
1255 1494 1332 1530 fere
1359 1506 1508 1536 omnes,

87 1549 159 1599 qui
185 1549 371 1585 recentius
400 1548 442 1583 in
469 1548 613 1583 edendo
637 1551 822 1586 Suetonio
842 1561 930 1586 sunt
950 1552 1111 1596 versati,
1140 1565 1211 1600 pro
1233 1551 1338 1600 vulg.
1360 1556 1402 1587 de
1426 1557 1509 1588 Do-

92 1611 218 1649 mitio,
241 1606 346 1654 quod
364 1618 525 1648 nomen,
556 1606 707 1642 Neroni
725 1607 802 1656 ipsi
829 1619 918 1656 post
945 1608 1194 1656 adoptionem
1234 1610 1414 1646 odiosum
1451 1611 1507 1654 (v.

90 1666 236 1704 Neron.
257 1673 291 1707 7.
311 1674 347 1699 et
364 1665 464 1708 4ι.),
499 1664 569 1699 vix
601 1667 726 1700 credas
755 1677 950 1714 usurpasse
977 1666 1134 1701 foedum
1155 1667 1320 1703 Neronis
1349 1666 1512 1702 admira-

91 1733 229 1760 torem.
277 1723 423 1758 Contra
450 1725 683 1758 Domim'cum
710 1736 857 1757 carmen
884 1734 938 1759 est
970 1724 1160 1759 canticum
1191 1726 1379 1768 Neronis,
1406 1737 1442 1760 et
1468 1729 1511 1761 clo

93 1784 285 1819 Dominico
303 1780 330 1816 i.
349 1793 386 1827 q.
407 1778 453 1814 de
479 1779 705 1815 collectione
731 1780 967 1815 canticorum
991 1781 1322 1823 Neronianorum,
1349 1782 1393 1817 de
1425 1783 1512 1831 qui·

94 1837 168 1875 bus
184 1851 223 1874 v.
243 1837 290 1872 ad
306 1838 450 1873 Neron.
469 1842 532 1881 58.
559 1841 710 1872 Domini
732 1836 1024 1886 appellationem
1055 1839 1228 1888 primum
1256 1839 1411 1887 quidem
1431 1842 1514 1877 Do·

94 1895 304 1932 mitianum
323 1893 475 1943 publice
494 1895 724 1937 assumsisse,
751 1893 1015 1942 superioribus
1036 1907 1161 1931 tamen
1179 1896 1424 1946 Principibus
1445 1912 1514 1949 per

95 1954 389 1991 assentationem
415 1952 539 1988 datam
553 1978 563 1995 ‚
592 1962 826 1987 monuerunt
843 1952 921 1997 jam
940 1952 1176 2001 interpretes.

188 2015 405 2047 histrionum
440 2019 476 2044 et
513 2010 748 2058 aurigarum]
817 2013 903 2045 Tac.
935 2020 966 2053 2,
997 2015 1054 2054 87.
1099 2013 1450 2063 „Aggregabantur
1496 2029 1517 2052 ο

96 2068 208 2121 plebe
226 2068 413 2117 flagitiosa
433 2081 500 2117 per
519 2067 700 2114 obsequia
718 2064 879 2104 Vitellio
902 2068 1072 2116 cogniti,
1101 2083 1270 2112 scurrae,
1297 2073 1517 2117 histriones,

70 2126 276 2177 ‘aurigam
327 2126 469 2176 quibus
507 2124 573 2161 ille
611 2124 871 2160 amicitiarum
907 2125 1252 2165 dehonestamentis
1294 2131 1393 2166 mire
1428 2145 1520 2180 gau·

100 2186 226 2223 debat.
238 2188 261 2204 “
298 2188 303 2191 ’

114 2282 116 2284 ,
193 2244 357 2280 Asiatici
392 2241 534 2284 liberti]
597 2239 690 2276 Tae.
721 2253 753 2276 c.
784 2242 841 2289 95.
875 2242 1099 2285 „Nondum
1126 2254 1282 2292 quartus
1309 2258 1328 2279 ι
1353 2245 1522 2281 victoria

103 2302 271 2344 mensis,
309 2310 345 2335 et
370 2298 534 2334 libertus
555 2297 731 2340 Vitellii,
757 2299 965 2345 Asiaticus,
992 2301 1228 2349 Polycletos,
1256 2301 1461 2339 Patrobios
1481 2313 1519 2338 et

105 2370 232 2397 vetera
273 2357 457 2394 odiorum
486 2356 646 2391 nomina
671 2355 864 2404 aequabat.
880 2360 903 2377 “
967 2360 1028 2394 De
1054 2360 1134 2404 ejus
1161 2370 1284 2395 morte
1319 2359 1376 2394 Id.
1397 2367 1430 2403 4,
1462 2373 1518 2396 ιι.

106 2415 332 2462 „Asiaticus
358 2415 412 2461 (is
437 2413 618 2459 libertus)
646 2413 785 2448 malam
812 2416 1024 2464 potentiam
1060 2415 1194 2453 servili
1229 2415 1418 2465 supplicio
1459 2429 1522 2452 ex-

108 2473 244 2526 piavit.
260 2476 285 2494 “

202 2533 501 2579 reprehendisset]
551 2531 652 2565 Haec
679 2527 792 2565 lectio
818 2529 1119 2568 lectissimorum
1146 2531 1361 2575 librorum,
1390 2542 1432 2567 ut
1453 2533 1522 2569 Ca-

109 2589 178 2639 lig.
197 2595 258 2636 45.
287 2587 448 2633 „veluti
472 2588 658 2637 profugos
691 2600 732 2623 ac
754 2593 1031 2635 reprehensos.“
1079 2590 1194 2638 Vulg.
1219 2593 1520 2636 dqores‘zendc'sset,

109 2661 206 2698 quae
229 2658 283 2682 est
302 2646 515 2682 emendatio
538 2658 693 2687 eorum,
723 2646 792 2693 qui
810 2647 1004 2695 propriam
1023 2647 1135 2684 verbi
1157 2650 1410 2694 reprehendere
1433 2650 1520 2697 (pro

112 2707 304 2749 ἄναλαβεῖν
323 2704 362 2741 h.
384 2716 414 2738 e.
432 2708 541 2739 πάλιν
558 2704 700 2748 λαβεῖν)
723 2703 1041 2751 significationem
1062 2717 1141 2739 non
1161 2716 1349 2751 ceperunt.

206 2765 330 2809 solvit]
382 2764 438 2799 Ita
467 2761 572 2797 edidi
600 2774 689 2797 cum
715 2762 840 2810 Steph.
862 2762 1017 2799 Casaub.
1049 2762 1222 2810 aliisque.
1273 2764 1389 2799 Libri
1413 2763 1525 2814 pleri·

116 2830 208 2867 que:
235 2821 360 2856 coluit.
