1859 3278
404 146 878 183 ‘astru-routr
939 146 1188 180 Tri-us.
1401 131 1498 189 509

86 282 496 334 metoposcopum,
531 284 557 311 a
581 265 830 324 Narcisso,
865 262 1053 309 Claudii
1075 264 1269 322 liberto,
1314 263 1495 309 adhibi-

87 354 213 401 tum,
251 348 302 385 ut
320 339 646 384 Britannicum
670 337 936 397 inspiceret,
972 336 1343 379 constantissime
1370 339 1493 378 affir-

84 428 254 469 masse,
293 411 429 454 illum
461 409 647 468 quidem
687 409 820 452 nullo
860 407 1031 461 modo,
1070 414 1276 450 ceterum
1311 407 1489 462 Titum,

83 484 160 542 qui
182 491 296 526 tunc
319 497 468 541 prope
488 479 726 536 adstabat,
767 478 926 537 utique
946 477 1296 537 imperaturum.
1342 477 1491 519 Erant

81 561 237 597 eutem
260 552 374 596 adeo
399 551 674 606 familiares,
710 557 760 592 ut
796 550 850 592 de
889 547 1234 608 potione,'qua
1259 546 1492 590 Britanni·

79 639 160 667 cus
186 624 348 667 hausta
370 621 530 682 periit,
567 619 702 663 Titus
728 635 910 678 quoque
933 621 1070 679 juxta
1094 619 1264 662 cubans
1287 626 1489 676 gustasse

80 694 324 750 credatur,
371 691 594 750 gravique
628 690 795 734 morbo
828 690 1076 733 afflictatus
1109 689 1202 733 diu.
1275 690 1491 741 Quorum

78 764 293 808 omnium
314 777 429 806 mox
455 777 661 819 memor,
699 768 898 804 statuam
932 760 973 804 ei
1014 775 1197 803 auream
1236 758 1284 802 in
1308 757 1487 801 Palatio

74 834 261 895 posuit,
308 841 353 876 et
388 834 583 876 alteram
619 847 680 875 ex
721 831 859 874 ebore
893 839 1182 888 equestrem,
1232 846 1348 888 quae
1383 828 1488 870 Cir-

77 904 201 949 censi
227 919 401 964 pompa
432 902 668 961 hodieque
700 900 986 961 praefertur,
1028 900 1292 955 dedicavit,
1328 913 1489 959 prose-

76 984 299 1034 cutusque
319 982 396 1018 est.
438 967 516 1039 [3]
555 973 607 1016 -In
631 987 777 1032 puero
812 972 967 1014 statim
1000 970 1210 1030 corporis
1249 970 1487 1028 animique

75 1046 204 1090 dotes
227 1042 897 1104 exsplenduerunt,magisque
920 1058 971 1085 ac
993 1042 1139 1099 magis
1163 1041 1379 1100 deinceps
1403 1054 1490 1098 per

79 1115 240 1160 aetatis
280 1116 477 1174 gradus:
527 1115 677 1157 forma
717 1113 930 1170 egregia,
981 1120 1025 1155 et
1069 1112 1144 1155 cui
1192 1128 1286 1155 non
1332 1110 1486 1153 minus

77 1185 365 1230 auctoritatis
391 1185 588 1239 inesset,
625 1199 766 1242 quam
783 1183 988 1242 gratiae,
1031 1198 1308 1242 quamquam
1338 1195 1488 1240 neque

72 1272 271 1317 procera
309 1263 510 1312 statura,
549 1263 595 1298 et
627 1263 789 1298 ventre
831 1255 971 1313 paulo
1003 1253 1313 1313 projectiore,
1352 1267 1487 1311 prae-

74 1327 267 1386 cipuum
307 1326 479 1383 robur,
546 1324 776 1369 memoria
824 1324 1101 1382 singularis,
1170 1323 1384 1367 docilitas
1430 1320 1488 1363 ad

166 1472 470 1517 metoposcopum]
518 1470 614 1505 Plin.
637 1470 694 1512 55,
732 1481 790 1505 ιο.
813 1472 862 1518 (9.
894 1467 1025 1514 §.140
1063 1465 1287 1515 „quendam
1316 1477 1361 1499 ec<
1392 1462 1488 1498 facie

69 1527 278 1564 hominum
309 1525 619 1570 addivinantem‚
652 1540 749 1576 quos
780 1538 1045 1573 metoposcopos
1073 1534 1224 1560 vocant.
1240 1526 1264 1543 “
1328 1527 1416 1557 Tac.
1439 1522 1491 1555 H.

72 1597 106 1630 2,
131 1599 160 1621 1.
186 1584 394 1633 „Augebat
412 1587 553 1619 tamam
575 1585 694 1633 ipsius
716 1585 799 1620 Titi
824 1584 1049 1631 ingenium,
1075 1593 1384 1630 quantaecunque
1412 1578 1489 1613 for-

71 1653 183 1679 tunae
202 1656 341 1692 capax,
371 1646 476 1679 decor
495 1646 566 1677 oris
586 1657 667 1677 cum
700 1646 861 1691 quadam
889 1646 1105 1684 majestate,
1132 1652 1329 1688 prosperae
1350 1640 1486 1685 Vespa·

68 1699 168 1736 siani
185 1712 261 1742 res,
280 1712 469 1749 praesaga
493 1714 683 1747 responsa,
715 1710 773 1743 et,
797 1698 992 1734 inclinatis
1013 1698 1058 1733 ad
1082 1698 1312 1734 credendum
1333 1693 1485 1738 animis,

69 1757 155 1795 loco
177 1758 356 1794 ominum
378 1768 483 1793 eraut
505 1756 678 1793 fortuita.
694 1759 718 1777 “

153 1821 271 1863 juxta
299 1817 453 1859 cubans]
504 1817 737 1863 Impugnant
762 1816 1013 1857 Suetonium,
1048 1812 1232 1862 quoniam
1258 1817 1343 1848 Tac·
1361 1812 1406 1846 A.
1432 1810 1485 1853 13,

73 1876 130 1912 16.
156 1875 283 1918 „Mos
301 1871 538 1913 habebatur,
564 1874 787 1922 Principum
809 1873 950 1908 liberos
980 1885 1067 1906 cum
1100 1872 1232 1906 ceteris
1258 1871 1361 1904 idem
1393 1879 1487 1903 aeta-

70 1933 120 1970 tis
140 1930 345 1968 nobilibus
367 1933 529 1966 sedentes
549 1932 675 1972 vesci,
703 1931 745 1966 in
774 1931 948 1979 adspectu
971 1932 1316 1980 propinquorum„
1331 1925 1488 1976 propria

69 1999 107 2028 'et
126 1989 295 2040 parciore
316 2001 455 2024 mensa.
472 1995 498 2010 “
547 1990 692 2026 Verum
718 1988 819 2022 haud
853 1988 967 2024 dubie
999 1989 1199 2027 viderunt,
1230 1986 1298 2033 qui
1324 1983 1485 2033 proprio

67 2052 337 2088 Romanorum
364 2047 409 2082 de
437 2059 552 2082 coena
583 2046 773 2082 vocabulo
808 2059 919 2081 usum
943 2049 1173 2083 Suetonium
1206 2044 1363 2086 dicunt,
1402 2055 1486 2077 nto·

23 2156 34 2171 ὕ
67 2113 169 2149 ’τι-ειη,
195 2117 308 2154 quem
340 2104 550 2141 accuratius
571 2105 726 2140 Tacitus
756 2104 939 2152 exponit,
968 2106 1011 2140 in
1042 2105 1261 2140 narratione
1293 2100 1395 2137 haud
1425 2114 1486 2136 cu·

64 2175 224 2204 lantem.

159 2223 386 2271 'afflictata-5]
438 2219 498 2255 At.
531 2220 711 2268 afflictus.
761 2219 968 2267 Argutatur
992 2220 1265 2268 Oudendorp..
1288 2218 1395 2259 dum,
1425 2229 1486 2252 ex·

70 2280 206 2319 'cidisse
248 2277 413 2314 verbum
457 2282 507 2313 sit
553 2277 615 2313 vel
658 2275 806 2320 simile,
865 2278 1070 2314 existimat.
1150 2277 1373 2313 credebatur
1419 2273 1485 2309 Ti-

70 2349 133 2376 tus
160 2336 363 2378 morbum,
398 2348 476 2385 quo
507 2334 725 2371 afflictatum
755 2348 886 2371 omnes
913 2335 1102 2381 sciebant,
1140 2349 1185 2372 ex
1213 2346 1360 2370 veneno
1397 2345 1484 2368 con-

29 2405 45 2411 *
72 2394 241 2434 traxisse.

161 2455 397 2501 praecipuum
424 2452 547 2500 robur]
599 2453 930 2499 Transposuerunt
959 2451 1049 2489 haec
1069 2466 1153 2488 voc.
1178 2453 1324 2486 Ernest.
1346 2459 1381 2483 et
1403 2448 1484 2484 Ou-

70 2512 186 2551 dend.
207 2521 293 2561 post
306 2513 538 2557 projectiore,
569 2508 732 2552 scilicet,
759 2520 801 2545 ut
817 2510 1028 2546 exilitatem
1058 2510 1228 2557 corporis
1263 2519 1299 2543 et
1323 2507 1482 2542 obesita-

73 2580 152 2609 tem
175 2581 295 2618 neque
315 2567 545 2610 auctoritati,
575 2579 694 2613 neque
714 2568 853 2616 gratiae
876 2568 1055 2611 offecisse,
1087 2578 1218 2602 auctor
1243 2566 1354 2600 dicat.
1382 2566 1482 2600 Cum
1531 2606 1535 2610 η

72 2625 247 2669 Wolfio,
275 2626 357 2661 sine
377 2624 489 2660 libris
507 2625 582 2660 hoc
602 2623 839 2667 faciendum,
867 2640 984 2675 nego,
1011 2639 1130 2674 quum
1156 2627 1393 2673 praecipuum
1421 2636 1484 2657 ro-

75 2688 142 2726 bur
158 2696 272 2733 aeque
291 2681 523 2730 impediatur
540 2680 606 2717 tali
623 2683 794 2732 corporis
813 2683 950 2720 forma.
979 2686 1168 2719 Praeterea
1183 2681 1344 2717 offendit
1356 2693 1483 2727 praec.

77 2745 185 2780 robur
203 2743 257 2777 ita
275 2750 359 2776 ante
378 2744 586 2775 memoriam
605 2741 774 2789 positum
793 2768 803 2786 ,
831 2755 951 2791 quum
975 2740 1020 2776 de
1048 2740 1172 2775 animi
1208 2738 1363 2775 dotibus
1393 2738 1483 2774 inde

78 2797 384 2846 fficereincipiat,
410 2809 612 2847 postquam
635 2799 679 2834 de
698 2812 858 2848 corpore
873 2798 1051 2848 exposuit
1071 2811 1186 2846 usque
1206 2797 1484 2846 adprojectiore.

178 2859 373 2906 docilitas]
399 2856 567 2893 celeritas
587 2856 631 2892 in
650 2856 853 2898 discendo.
877 2856 1063 2905 εὐμάθεια.
