1859 3278
1431 140 1527 183 40³

409 322 1223 372 LUCANI

579 434 1037 495 VITA.

102 618 234 707 Μ.
270 658 520 706 ΑΝΝΑΕυε
556 659 825 720 LUCANUS,
863 661 1209 719 Cordubensis,
1253 662 1405 723 prima
1439 660 1513 706 in⁴<

105 736 234 796 genii
275 735 599 797 experimenta
645 736 696 780 in
729 737 931 781 Neronis
963 737 1177 780 laudibus
1214 737 1340 780 dedit
1375 735 1509 792 quin-

104 805 326 864 quennali
367 805 631 850 certamine.
711 807 836 850 Dein
883 807 1021 851 civile
1061 808 1262 863 bellum,
1327 805 1449 863 quod
1483 820 1509 848 a

102 876 329 936 Pompejo
354 885 402 920 et
429 875 624 919 Caesare
647 885 828 934 gestum
853 885 945 934 est,
984 877 1214 920 recitavit.
1284 876 1379 929 Qui
1406 885 1506 918 tan-

101 955 174 990 tae
195 945 400 990 levitatis
430 955 476 990 et
507 955 601 989 tam
635 947 968 990 immoderatae
998 947 1182 1004 linguae
1216 945 1331 1000 fuit,
1367 954 1417 987 ut
1456 944 1506 988 in

98 1016 389 1078 praefatione
435 1017 629 1074 quadam
664 1024 858 1060 aetatem
895 1025 938 1060 et
968 1015 1103 1060 initia
1138 1032 1218 1060 sua
1254 1032 1359 1059 cum
1397 1014 1506 1057 Vir-

99 1087 214 1145 gilio
235 1101 538 1145 comparans,
575 1102 706 1129 ausus
731 1087 790 1130 sit
815 1087 995 1133 dicere:
1037 1095 1084 1131 et
1117 1095 1354 1146 quantum
1386 1084 1506 1127 milii

101 1164 248 1202 restat
266 1156 330 1199 ad
360 1150 604 1199 Calicem?
658 1156 769 1214 Hic,
805 1157 941 1200 initio
966 1157 1315 1213 adolescentiae,
1355 1168 1501 1213 quum

98 1227 158 1270 ob
189 1225 407 1270 infestum
440 1225 791 1269 matrimonium
825 1235 1006 1286 patrem
1040 1244 1177 1270 suum
1217 1227 1315 1270 ruri
1363 1239 1499 1281 agere

95 1297 237 1355 longe
272 1295 591 1354 cognovisset,
629 1306 872 1340 revocatus
895 1295 1096 1340 Athenis
1123 1313 1146 1340 a
1166 1298 1385 1351 Nerone,
1426 1310 1503 1336 co-

39 1400 41 1402 ·
95 1366 314 1423 hortique
358 1364 618 1408 amicorum
649 1365 861 1423 additus,
910 1377 1045 1424 atque
1084 1367 1219 1411 etiam
1258 1374 1500 1424 quaestura

95 1436 386 1489 honoratus,
422 1450 517 1478 non
538 1444 691 1478 tamen
710 1437 963 1495 permansit
987 1437 1035 1479 in
1060 1437 1222 1496 gratia.
1258 1435 1500 1492 Siquidem

94 1522 231 1566 aegre
259 1504 438 1562 serens,
470 1505 694 1549 recitante
714 1522 786 1564 se,
824 1506 992 1562 subito,
1030 1523 1081 1549 ac
1103 1507 1230 1548 nulla
1253 1506 1339 1547 nisi
1364 1504 1499 1547 refri-

93 1574 288 1635 gerandi
320 1576 390 1617 sui
425 1590 580 1630 causa,
625 1574 803 1618 indicto
835 1576 1034 1631 Senatu,
1078 1577 1315 1618 Neronem
1347 1590 1496 1617 reces-

92 1647 228 1702 sisse,
266 1659 412 1701 neque
434 1643 586 1687 verbis
617 1644 833 1687 adversus
856 1645 1154 1704 Principem,
1189 1660 1336 1701 neque
1362 1642 1495 1686 factis

91 1713 378 1759 exstantibus
407 1721 514 1772 post
549 1713 662 1755 haec
693 1713 992 1772 temperavit:
1032 1716 1143 1757 adeo
1180 1722 1230 1757 ut
1261 1716 1497 1770 quondam

36 1789 39 1792 ’
90 1786 141 1829 in
163 1782 371 1826 Latrinis
394 1782 594 1841 publicis
611 1814 626 1835 ,
661 1783 859 1826 clariore
884 1784 1084 1842 strepitu
1106 1783 1279 1827 ventris
1310 1783 1491 1838 emisso,

89 1851 438 1898 hemistichium
463 1851 667 1893 Neronis
691 1868 854 1908 magna
887 1869 1206 1911 consessorum
1239 1852 1345 1907 fuga
1385 1868 1494 1910 pro-

87 1921 346 1968 nunciarit:
388 1919 486 1962 Sub
516 1921 657 1963 terris
679 1922 887 1964 tonuisse
902 1930 1057 1980 putes.
1129 1922 1221 1964 Sed
1249 1929 1291 1964 et
1314 1921 1489 1964 famoso

89 1992 296 2038 carmine
321 2006 460 2050 quum
482 1989 664 2048 ipsum,
698 1998 801 2033 tum
830 1991 1177 2050 potentissimos
1216 1990 1490 2048 amicorum,

33 2107 45 2130 s,
85 2060 357 2123 gravissime
389 2058 629 2119 proscidit.
705 2058 785 2103 Ad
818 2070 1081 2105 extremum
1116 2076 1263 2120 paene
1297 2061 1490 2118 signifer

53 2131 363 2177 ·Pisonianae
393 2129 725 2188 conjurationis
768 2131 968 2173 exstitit:
1033 2132 1206 2174 multus
1248 2130 1297 2173 in
1336 2131 1488 2189 gloria

83 2200 488 2262 tyrannicidarum
511 2199 667 2258 palam
695 2199 1032 2258 praedicanda,
1077 2216 1130 2243 ac
1153 2202 1315 2259 plenus
1339 2201 1488 2244 mina-

83 2286 216 2329 rum,
253 2285 396 2328 usque
433 2284 486 2312 eo
524 2268 859 2327 intemperans,
893 2279 948 2313 ut
975 2270 1184 2313 Caesaris
1207 2279 1344 2328 caput
1378 2287 1489 2328 pro-

83 2341 219 2385 ximo
240 2339 402 2396 cuique
423 2340 632 2397 jactaret.
704 2337 912 2395 Verum,
949 2341 1125 2383 detecta
1151 2340 1484 2397 conjuratione,

84 2399 378 2470 nequaquam
403 2407 549 2452 animi
580 2409 882 2453 constantiam
903 2410 1148 2470 praestitit.
1183 2409 1337 2453 Facile
1360 2411 1484 2452 euim

175 2609 199 2631 a
229 2596 366 2643 Pomp.]
418 2593 534 2644 Vulg.
559 2609 638 2630 cum
657 2600 780 2644 Pomp.
799 2607 837 2633 et
859 2598 1028 2634 Caesare.
1076 2597 1190 2634 Libri
1206 2595 1384 2632 nonnulli
1402 2611 1481 2632 cum

81 2660 209 2702 Pomp.
229 2667 254 2688 a
278 2654 447 2690 Caesare.
494 2655 611 2697 Puto,
634 2651 755 2691 alieno
774 2653 860 2692 loco
880 2656 1047 2706 positam
1065 2655 1181 2692 fuisse
1206 2668 1334 2692 veram
1358 2668 1482 2690 emen-

81 2713 277 2749 dationem
300 2724 336 2746 α.

48 2767 52 2770 ”
175 2772 329 2806 clariore
351 2769 524 2816 strepitu]
569 2766 709 2804 Delevi
734 2783 822 2806 cum
841 2771 1005 2809 Graevio
1034 2785 1114 2809 cum
1140 2781 1223 2822 post
1249 2771 1419 2814 clariore,
1446 2781 1483 2805 et

81 2827 215 2879 scripsi
231 2840 472 2864 consessorum
491 2838 562 2877 1¹¹0
582 2840 662 2864 cam
679 2842 866 2865 sessorum.
