1859 3278
527 163 1027 197 CLAUDIUS.
1410 168 1473 214 29

66 287 228 331 chaere
253 298 500 340 mensaque
529 282 766 340 lanionia,
808 281 1050 340 flagitavit.
1122 281 1476 340 Peregrinitatis

63 372 223 413 reum,
262 351 366 399 orta
402 355 526 397 inter
559 354 809 397 advocatos
841 353 938 396 levi
977 353 1308 406 contentione,
1347 362 1478 410 toga-

63 437 223 471 tumne
247 431 308 468 'an
341 423 589 484 palliatum
629 424 782 468 dicere
823 439 1008 466 causam
1042 432 1312 482 oporteret,
1346 423 1477 480 quasi

65 496 343 554 aequitatem
370 494 600 551 integram
630 503 889 551 ostentans,
939 503 1121 538 mutare
1143 493 1356 536 habitum
1381 508 1480 536 sae·

62 566 195 628 pius,
244 573 289 608 et
334 572 481 624 prout
523 572 819 607 accusaretur
856 563 1270 619 defendereturve,
1328 563 1477 622 jussit.

65 638 136 682 De
163 635 367 694 quodam
388 635 529 678 etiam
551 635 739 692 negotio
762 635 828 677 ita
852 650 912 678 ex
936 634 1106 678 tabella
1143 633 1479 694 pronunciasse

1 723 10 737 ··
65 706 297 763 creditur,
343 703 713 748 SECUNDUM
748 703 872 747 EOS
908 705 982 747 SE
1012 703 1324 760 SENTlRE,
1363 703 1480 757 QUI

63 775 253 821 VERA
278 773 767 818 PROPOSUISSEN
774 774 829 817 T.
888 775 1090 835 Propter
1112 790 1227 833 quae
1250 790 1394 832 usque
1425 790 1481 817 eo

62 846 254 903 eviluit,
291 853 342 889 ut
365 845 538 904 passim
557 860 611 887 ac
632 845 883 905 propalam
909 845 1165 889 contemtui
1195 852 1323 888 esset.
1380 844 1481 887 Ex-

24 939 30 942 ·
63 932 226 960 cusans
259 915 449 973 quidam
485 922 675 972 testem,
715 931 739 959 e
769 915 1020 974 provincia
1051 916 1108 959 ab
1147 931 1200 960 eo
1244 923 1480 968 vocatum,

62 986 252 1045 negavit
289 975 478 1044 praesto
521 995 617 1028 esse
651 1001 816 1044 posse,
868 985 1160 1030 dissimulata
1202 984 1282 1028 diu
1317 1000 1479 1039 caus-113

63 1072 116 1100 ac
140 1065 250 1116 post
278 1056 440 1113 longas
462 1055 652 1098 demum
677 1055 1095 1112 interrogationes,
1135 1055 1371 1098 Mortuus
1391 1062 1481 1108 est,

59 1126 236 1185 inquit:
264 1132 408 1185 putO,
444 1125 599 1168 licuit.
659 1124 797 1169 Alius
820 1125 986 1184 gratias
1009 1141 1162 1184 agens,
1199 1127 1325 1182 quod
1348 1141 1481 1168 reum

63 1196 249 1240 defendi
273 1203 541 1255 pateretur,
584 1195 776 1256 adjecit:
814 1196 880 1238 Et
905 1203 1065 1240 tamen
1076 1194 1200 1255 fieri
1221 1194 1349 1238 solet.
1422 1195 1484 1238 11-

149 1353 266 1386 acciri
282 1365 328 1376 -
339 1351 562 1399 flagitavit]
612 1347 801 1397 Exempla
828 1347 937 1383 affert
966 1345 1214 1395 Oudendorp.
1245 1348 1340 1382 Plin.
1361 1351 1420 1390 34,
1448 1352 1482 1391 8,

59 1407 98 1444 6.
125 1408 202 1456 (¹9·
234 1408 268 1452 §.
289 1407 339 1452 6.)
362 1419 439 1450 „ut
469 1407 621 1456 magnis
644 1406 804 1441 Theatri
833 1403 1069 1440 clamoribus
1099 1408 1224 1450 reponi
1239 1405 1486 1453 Apoxyome-

59 1468 426 1513 nonflagitaverit“
451 1475 487 1500 et
505 1466 561 1507 35,
595 1476 650 1499 10.
677 1464 753 1507 (36.
784 1463 817 1508 §.
837 1463 891 1507 Ξ.)
917 1471 999 1505 „ut
1014 1465 1223 1511 flagitaret
1251 1462 1402 1498 tandem
1429 1476 1486 1500 te·

60 1532 172 1558 moto
192 1520 318 1557 linteo
339 1524 481 1557 ostendi
499 1521 706 1570 picturam.
719 1521 745 1539 ‘⁴

153 1581 452 1628 Peregrinitatis]
503 1580 637 1614 Homo
652 1579 813 1612 Graecus
833 1576 1039 1624 (palliatus
1057 1576 1163 1611 enim
1183 1589 1331 1615 causam
1356 1579 1484 1616 dicere

60 1638 188 1684 jussus
208 1635 255 1671 ab
278 1635 392 1672 altera
410 1637 549 1684 parte,)
570 1636 696 1671 civem
716 1637 940 1670 Romanum
967 1646 1006 1669 se
1036 1632 1184 1671 tulerat.
1232 1638 1375 1673 Actum
1404 1639 1481 1687 igi-

61 1705 124 1730 tur
140 1694 182 1729 in
201 1693 374 1739 judicio,
396 1705 439 1730 ut
457 1698 495 1730 in
515 1697 823 1743 peregrlm'tatem
847 1695 1092 1741 rech'geretur,
1123 1704 1167 1729 ut
1197 1708 1276 1745 cap.
1298 1697 1483 1745 sequenti.

62 1750 251 1788 Frivolum
271 1761 397 1786 autem
415 1763 510 1795 erat,
536 1752 642 1800 quod
661 1752 858 1799 Princeps,
883 1751 1039 1799 utriqpe
1068 1751 1254 1790 advocato
1285 1753 1484 1791 obsecutu-

59 1823 146 1852 rus,
179 1807 364 1844 nondum¹
393 1809 468 1844 lata
504 1809 709 1853 sententia,
746 1808 866 1844 modo
903 1819 1090 1858 togatum,
1127 1810 1247 1846 modo
1280 1813 1483 1859 palliatum

61 1866 266 1903 consistere
286 1865 329 1901 in
346 1866 497 1913 judicio
517 1880 626 1903 reum
650 1867 776 1912 jussit.
833 1870 885 1902 Et
905 1877 989 1902 ante
1005 1878 1119 1915 prout
1143 1867 1345 1904 delendum
1371 1880 1482 1919 puto.

153 1939 198 1960 ex
217 1925 371 1972 tabella]
397 1924 424 1959 i.
443 1938 474 1961 e.
497 1924 543 1960 de
561 1925 725 1973 scripto,
753 1935 932 1972 tanquam
952 1939 1108 1973 gravem
1137 1927 1362 1962 sententiam
1395 1941 1484 1976 pro·

61 1981 219 2018 laturus.
248 1982 321 2017 Sed
339 1993 448 2017 natue
467 1981 655 2018 ridiculus
675 1995 774 2017 mus.
801 1983 903 2018 Nam
921 1984 964 2017 in
986 1996 1030 2018 eo
1049 1984 1279 2020 ostendenda
1297 1997 1373 2021 erat
1392 1987 1483 2022 Cae-

61 2042 156 2077 saris
179 2039 441 2089 cognoscentis
464 2040 661 2088 sagacitas,
689 2041 794 2087 quod
814 2041 895 2076 sine
913 2040 989 2076 ulla
1007 2041 1231 2078 difficultate
1246 2057 1331 2078 vera
1361 2058 1380 2079 a
1396 2045 1482 2091 ficl-

62 2101 112 2134 sis
130 2097 376 2138 discerneret,
406 2107 516 2146 atque
535 2096 579 2132 de
601 2097 675 2133 hoc
690 2098 864 2144 judicio,
894 2099 962 2146 qui
993 2099 1168 2143 aderant,
1199 2102 1381 2136 certiores
1409 2112 1481 2138 eta-

62 2156 134 2192 tim
163 2156 314 2191 faceret.
363 2154 479 2190 Nunc
501 2155 639 2190 incerti
670 2168 801 2191 omnes
837 2155 980 2200 relicti,
1012 2157 1104 2201 illo,
1132 2160 1213 2194 sine
1232 2157 1352 2194 dubio
1374 2158 1481 2207 quod

60 2212 163 2249 nihil
186 2212 361 2255 videbat,
392 2212 438 2247 ad
470 2226 619 2248 sensum
649 2226 759 2249 suum
789 2226 1047 2262 provocante,
1078 2226 1122 2250 ut
1151 2215 1269 2251 multi
1297 2217 1340 2251 in
1367 2217 1480 2253 rebus

61 2270 224 2314 criticis,
252 2271 341 2320 qui,
368 2283 461 2319 quae
482 2271 662 2312 sentiant,
689 2283 860 2320 crepant,
885 2274 1049 2308 rationes
1069 2286 1149 2308 non
1169 2274 1326 2310 addunt.

153 2331 321 2376 quidam]
369 2330 498 2377 Inepte
518 2327 564 2363 al.
585 2333 747 2376 quidem,
782 2330 869 2379 qui,
898 2331 943 2365 ad
965 2330 1170 2366 Claudium
1194 2333 1394 2368 referentes
1414 2346 1479 2366 ex·-

63 2400 210 2429 cusans,
236 2386 367 2422 locum
387 2400 465 2421 non
482 2385 762 2423 intellexerunt.
811 2391 872 2424 De
901 2402 1030 2424 causae
1058 2399 1222 2437 patrono
1255 2403 1380 2426 sermo
1411 2400 1476 2431 est,

63 2444 132 2492 qui
149 2444 346 2492 propalam
367 2444 601 2491 judicantem
623 2444 833 2482 Claudium
859 2446 1003 2481 derisui
1033 2446 1190 2492 objecit.
1239 2451 1371 2484 Postea
1400 2459 1477 2481 non

63 2501 195 2536 minus
214 2500 376 2537 absurda
394 2500 533 2536 lectio:
559 2506 721 2539 Puteolss
739 2518 833 2553 pro:
851 2515 964 2551 pulv,
989 2506 1111 2546 licuit,
1139 2519 1234 2554 quae
1267 2517 1391 2540 tamen
1419 2503 1480 2537 de-

66 2558 232 2594 fensores
260 2571 367 2595 nacta
398 2571 453 2594 est
482 2560 587 2594 viros
615 2560 872 2597 doctissimos.
925 2567 1038 2604 Puto,
1064 2564 1171 2598 licuit
1204 2574 1277 2598 est:
1307 2561 1479 2608 accipies,

65 2627 178 2666 puto,
207 2617 304 2652 hanc
324 2617 607 2652 excusationem
632 2630 673 2653 ut
693 2620 780 2655 satis
804 2619 971 2656 validam
1005 2623 1079 2664 (iclz
1107 2623 1235 2664 denke,
1272 2623 1364 2653 deese
1385 2622 1481 2653 Eut-

63 2677 308 2725 Sclzuld1gung
325 2679 419 2709 wz'rd
431 2677 562 2724 galtig
579 2679 698 2723 seytz).
790 2723 798 2726 η

157 2736 207 2768 Et
228 2743 351 2768 tamen
369 2736 463 2778 fieri
486 2737 591 2781 solet]
647 2734 760 2780 Quod
779 2733 927 2782 legibus
945 2734 1197 2784 moribusque
1219 2744 1273 2769 est
1292 2733 1476 2769 constitu-

63 2798 166 2831 tum,
193 2789 240 2824 id.
264 2802 509 2833 concessum,
538 2804 617 2826 non
650 2803 722 2835 est,
760 2792 866 2840 quod
895 2794 1104 2841 gratiarum
1137 2793 1286 2827 actione
1312 2789 1473 2827 celebre-

58 2858 156 2884 mus.
202 2847 314 2884 Risus
331 2848 454 2896 igitur
473 2860 508 2884 et
527 2848 748 2885 ludibrium
767 2850 882 2896 hujus
903 2851 1017 2887 etiam
1042 2849 1209 2899 patroni.
