1859 3278
675 168 929 200 o'ruo.
1403 173 1502 219 229

95 284 182 352 [8]
221 283 314 329 Sub
337 282 462 328 idem
484 299 597 329 vero
628 288 844 345 tempus,
881 283 1228 330 Germaniciani
1266 290 1498 334 exercitus

94 359 145 403 in
167 353 354 400 Vitellii
375 355 517 399 verba
535 356 759 413 jurarant.
808 355 945 409 Quod
969 363 1021 398 ut
1045 358 1291 415 comperit,
1330 370 1495 404 auctor

92 422 282 470 Senatui
304 423 395 468 fuit
416 425 669 468 mittendae
693 425 962 484 legationis,
1003 441 1120 484 quae
1154 428 1366 485 doceret,
1407 432 1495 472 ele-

92 504 219 539 ctum
236 495 335 554 jam
356 494 654 554 Principem:
686 496 888 554 quietem
926 504 970 539 et
1005 498 1307 540 concordiam
1338 500 1497 542 suade·

88 574 174 610 ret.
245 564 309 608 Et
334 572 492 609 tamen
521 581 607 624 per
642 564 964 609 internuncios
999 581 1051 609 ao
1082 566 1264 625 literas,
1305 584 1495 611 consor-

87 643 190 679 tem·
208 634 398 693 imperii
416 650 731 693 generumque
752 651 800 679 se
830 635 1024 679 Vitellio
1057 636 1239 681 obtulit.
1315 638 1497 682 Verum

87 706 218 749 haud
252 704 396 748 dubio
425 705 580 760 bello,
632 706 822 765 jamque
854 705 1049 750 ducibus
1083 714 1125 750 et
1160 708 1335 768 copiis,
1386 724 1494 767 quas

85 775 312 819 Vitellius
347 775 682 834 praemiserat,
732 776 1241 836 appropinquantibus,
1286 778 1495 822 animum

84 846 319 903 fidemque
339 845 750 905 praetorianorum
777 862 884 904 erga
918 861 964 889 se
995 863 1141 905 paene
1175 848 1494 893 internecione

85 914 365 975 amplissimi
389 915 567 960 ordinis
597 925 820 977 expertus
844 925 921 961 est.
992 916 1238 964 Placuerat
1267 935 1354 980 per
1380 920 1494 962 clas-

78 1106 153 1144 ubi
173 1120 219 1143 v.·
236 1105 462 1143 Graevium.
512 1107 692 1145 Versatus
714 1118 769 1144 est
786 1108 916 1144 nimio
937 1107 1012 1144 fere
1028 1107 1160 1145 labore
1187 1109 1228 1144 in
1257 1122 1377 1159 prona
1408 1124 1497 1160 pro·

77 1165 206 1202 verbii
225 1163 537 1214 interpretatione
559 1164 720 1202 Turneb.
741 1166 900 1203 Advers.
920 1174 954 1211 5,
988 1181 1020 1202 ι.
1053 1178 1090 1203 et
1119 1178 1174 1212 17,
1202 1179 1264 1204 20.
1291 1169 1496 1217 Con-upta-

77 1223 132 1261 las
150 1237 189 1260 n.
207 1222 236 1259 l.
255 1221 358 1259 nihil
379 1234 530 1262 moror.

170 1287 211 1319 in
235 1281 380 1316 Vitellii
405 1281 531 1327 verba]
575 1293 612 1315 v.
631 1278 741 1316 Galb.
767 1280 820 1316 16.
855 1281 987 1320 Vitell.
1008 1296 1042 1331 9.
1080 1283 1167 1319 Tac.
1192 1286 1240 1319 H.
1264 1297 1292 1325 ι,
1310 1291 1368 1328 50.
1389 1295 1493 1330 sequ.

172 1342 378 1377 mittendae
405 1339 621 1387 legationis]
686 1342 774 1372 Tac.
802 1351 834 1373 c.
857 1346 915 1383 74.
954 1341 1121 1384 „Otho,
1156 1342 1364 1384 revocatis,
1398 1353 1494 1388 quos

78 1397 198 1435 Galba
229 1396 407 1438 miserat,
434 1394 584 1443 legatis,
627 1407 758 1431 rursus
788 1395 884 1432 alios
915 1397 962 1431 ad
992 1409 1199 1446 utrumque
1223 1399 1494 1434 Germanicum

76 1455 289 1493 exercitum
309 1463 346 1488 et
363 1451 408 1487 ad
429 1451 619 1501 legionem
640 1452 811 1488 Italicam
835 1467 980 1501 easque,
1008 1467 1102 1502 quae
1122 1457 1305 1504 Lugduni
1324 1455 1491 1504 agebant,

76 1513 206 1562 copias
234 1514 350 1559 specie
377 1515 533 1546 Senatus
563 1510 683 1546 misit.
742 1512 876 1558 Legati
906 1511 1006 1560 apud
1036 1512 1241 1550 Vitellium
1269 1526 1491 1556 remansere,

74 1570 288 1622 promtius,
314 1581 428 1617 quam
458 1580 501 1604 ut
529 1568 669 1604 retenti
694 1568 929 1604 viderentur.
987 1572 1245 1614 Praetoriani,
1282 1585 1402 1619 quos,
1427 1583 1494 1619 per

75 1627 365 1666 simulationem
402 1624 547 1668 officii,
586 1623 720 1673 legatis
751 1626 861 1662 Otho
898 1626 1147 1673 adjunxerat,
1187 1630 1359 1672 remissi,
1395 1640 1494 1664 ante-

73 1699 191 1737 quam
217 1682 440 1734 legionibus
468 1683 733 1718 miscerentur.
748 1686 772 1703 “
829 1686 1018 1720 Plutarch.
1048 1685 1140 1721 Oth.
1160 1696 1193 1729 4.
1225 1686 1288 1730 ὑφ’
1323 1682 1368 1722 ὧν
1409 1689 1490 1734 (up.

71 1744 196 1781 literis
218 1741 394 1778 Muciani
414 1751 450 1776 et
471 1741 713 1788 Vespasiani)
733 1742 960 1788 ἐπαιρόμενος
977 1742 1140 1790 ἔγραψεν
1163 1745 1372 1792 Οέἷτελλίῳ
1386 1770 1393 1783 .
1423 1760 1490 1779 πα-

75 1806 202 1850 ραινῶν
222 1799 465 1847 στρατιωτικὰ
486 1801 653 1845 Φρονεῖν.
680 1800 725 1842 ὡς
744 1802 920 1846 χρήματα
941 1802 1060 1836 πολλὰ
1081 1804 1253 1846 δώσοντος
1274 1802 1403 1843 αὐτοῦ,
1431 1802 1492 1838 καὶ

74 1861 202 1900 πόλιν,
247 1859 281 1894 ἐν
310 1853 333 1903 ἦ
364 1858 532 1902 βιώσεται
563 1857 696 1905 ῥᾷστον
727 1858 787 1893 καὶ
816 1855 957 1903 ἥδιστον
988 1859 1065 1904 βίον
1097 1860 1178 1904 μεθ’
1216 1862 1391 1907 ἡσυχίας,
1424 1859 1492 1895 ubi

70 1915 325 1967 comprobare
345 1926 513 1961 nequeo,
540 1915 608 1962 qui
627 1915 828 1962 corrigunt
850 1916 965 1950 verba
984 1918 1227 1962 στρατιωτικὰ
1257 1920 1422 1965 φρονεῖν,
1453 1917 1490 1952 h.

72 1990 106 2013 e.
128 1972 255 2024 qualia
272 1971 396 2007 militi
419 1971 523 2007 dicto
548 1972 718 2008 audienti
752 1972 989 2008 conveniunt
1020 1985 1049 2008 s.
1079 1974 1301 2024 disciplinae
1328 1974 1492 2010 militari

73 2045 260 2082 congrua,
294 2029 336 2065 in
357 2027 397 2066 oti
419 2030 639 2066 στασιωτικὰ
659 2034 724 2078 φρ.
747 2043 834 2065 cum
859 2030 1016 2066 casaub.
1040 2030 1085 2067 ad
1105 2047 1144 2068 n.
1170 2033 1217 2075 l.,
1247 2033 1308 2068 vel
1339 2047 1491 2070 στασιω·

73 2092 158 2129 qm&
179 2090 229 2137 μὴ
250 2089 395 2134 φρονεῖν
417 2101 505 2123 cum
528 2087 669 2123 Solano
687 2087 733 2122 ad
756 2086 876 2131 Plut.,
905 2099 942 2123 et
961 2102 1055 2137 quae
1073 2101 1160 2125 sunt
1183 2091 1266 2128 alia.

160 2163 231 2197 per
259 2149 508 2182 internuncios
527 2165 570 2174 -—
591 2147 740 2193 obtulit]
796 2151 883 2181 Tae.
908 2159 938 2182 c.
960 2154 1019 2191 74.
1056 2175 1078 2189 „
1094 2147 1258 2185 Crebrae
1278 2149 1435 2185 interim
1455 2158 1492 2185 et

72 2204 332 2244 muliebribus
352 2202 552 2239 blanditiis
571 2204 730 2239 infectae
750 2202 795 2238 ab
819 2204 975 2240 Othone
1010 2205 1056 2240 ad
1081 2206 1283 2246 Vitellium
1312 2207 1492 2256 epistolae

73 2264 285 2304 offerebant
309 2260 514 2311 pecuniam
540 2272 577 2297 et
601 2262 785 2310 gratiam,
830 2272 865 2296 et
895 2274 1163 2313 quemcunque
1189 2266 1329 2314 quietis
1357 2266 1489 2302 locum

73 2323 257 2374 prodigae
278 2320 379 2356 vitae
405 2318 569 2368 legisset.
620 2318 726 2354 Paria
755 2318 937 2357 Vitellius
967 2323 1198 2366 ostentabat,
1233 2324 1364 2374 primo
1392 2323 1490 2359 mol-

71 2381 170 2424 lius,
196 2377 309 2415 stiilta
328 2376 526 2425 utrimque
548 2388 584 2412 et
602 2375 780 2412 indecora
800 2376 1066 2421 simulatione3
1097 2394 1209 2425 mox,
1238 2382 1342 2430 quasi
1365 2384 1490 2415 rixan-

75 2450 150 2483 tes,
178 2448 307 2485 stupra
325 2445 362 2470 et
381 2433 525 2482 flagitia
546 2435 714 2470 invicem
741 2435 987 2483 obiectavere,
1016 2450 1147 2474 neuter
1165 2439 1297 2475 falso.“
1345 2440 1487 2485 Xiplu'l.

74 2497 131 2540 64,
154 2507 208 2530 ιο.
233 2496 251 2532 ὃ
270 2494 307 2531 δὲ
320 2492 472 2534 Ὄθων.
497 2492 615 2537 ἐπειδὴ
631 2492 694 2528 καὶ
715 2493 764 2538 μὴ
783 2492 900 2532 ἔπειθε
914 2497 974 2533 τὸν
1005 2497 1210 2539 Βιτέλλιον,
1241 2498 1272 2540 ἐς
1306 2498 1485 2533 κοινωνίαν

74 2553 184 2591 αὖτὸν
204 2554 265 2596 τῆς
298 2551 418 2599 ἀρχῆς
443 2551 617 2596 πολλάκις
646 2556 886 2598 παρακαλῶν.
915 2554 961 2600 εἷς
991 2557 1147 2601 πόλεμον
1176 2556 1297 2592 λοιπὸν
1331 2556 1485 2602 φανερὸν

76 2612 291 2649 καθίστατο.

156 2673 310 2715 jamque
339 2667 489 2703 ducibus
505 2685 551 2693 —
569 2671 957 2719 appropinquantibus]
1020 2675 1117 2708 Plut.
1137 2671 1230 2708 Oth.
1254 2678 1287 2714 5.
1321 2670 1396 2707 ἐπεὶ
1422 2672 1486 2715 τὰς

69 2723 212 2769 'Mareu'
245 2723 461 2771 κατέχοντες
485 2724 550 2771 ἤδη
582 2728 895 2775 προςηγγὲλλοντο
923 2730 1075 2774 Κεκίνα,-
1105 2730 1163 2766 aa}
1192 2729 1363 2775 Οὐάλης,
1391 2730 1482 2767 Οὐΐ-

79 2785 206 2832 nuta?
227 2787 525 2830 στρατηγοῦντες.
551 2797 588 2820 v.
614 2789 699 2821 Tac.
722 2787 771 2822 H.
796 2801 826 2831 1,
848 2796 910 2829 70.

175 2851 210 2879 et
229 2844 444 2893 placuerat]
496 2842 690 2882 emittere
714 2845 800 2884 anis
825 2844 972 2897 placuit
1006 2855 1041 2883 et
1070 2855 1201 2882 contra
1224 2843 1366 2891 libros,
1403 2844 1488 2885 aliis
