1859 3278
659 139 978 172 GALBA.
1417 132 1513 195 187

102 260 362 322 tractasque
386 273 446 302 ex
470 257 688 302 omnibus
713 254 972 318 provinciis
1000 253 1179 316 copiae,
1215 254 1365 319 neque
1388 261 1518 306 testi-

38 332 42 334 *
97 334 337 386 monium,
374 345 524 388 neque
548 329 755 387 praemia
795 327 1027 389 ampliora
1060 327 1147 371 ulli
1182 332 1514 389 perciperent:

96 406 201 465 ipse
232 400 442 446 maxime
474 399 700 457 insignis,
752 399 874 458 quod
916 406 1225 457 campestrem
1280 400 1516 445 decursio-

95 490 202 530 nem
227 480 362 516 scuto
387 470 685 526 moderatus,
726 470 864 514 etiam
891 469 948 513 ad
975 468 1184 512 essedum
1209 470 1514 528 Imperatoris

93 559 181 604 per
211 540 381 600 viginti
415 556 633 601 passuum
668 540 818 583 millia
851 538 1069 583 cucurrit.
1117 534 1197 602 [7]
1237 538 1387 583 Caede
1413 539 1516 597 Caji

94 612 341 670 nunciata,
379 611 537 654 multis
560 611 618 653 ad
652 611 947 653 occasionem
981 609 1350 667 stimulantibus,
1386 610 1516 667 quie-

95 693 191 728 tem
226 680 465 743 praetulit.
542 680 634 723 Per
668 680 760 723 hoc
799 680 1087 738 gratissimus
1118 679 1340 738 Claudio,
1387 696 1516 724 rece-

93 761 295 815 ptusque
329 751 380 795 in
414 750 660 794 cohortem
699 750 995 807 amicorum,
1039 758 1195 794 tantae
1230 750 1514 808 dignationis

95 833 164 868 est
185 822 397 878 habitus,
432 830 511 875 ut,
549 836 689 878 quum
715 821 868 864 subita
891 821 933 864 ei
954 821 1189 878 valetudo,
1229 836 1379 880 neque
1402 822 1514 864 adeo

94 893 267 953 gravis,
301 891 558 948 incidisset,
597 890 764 934 dilatus
786 891 846 933 sit
870 890 1189 950 expeditionis
1212 891 1514 935 Britannicae

95 963 206 1008 dies.
287 961 507 1005 Africam
536 961 826 1004 Proconsule
861 960 1052 1005 biennio
1088 961 1318 1018 obtinuit,
1378 970 1515 1004 extra

95 1042 270 1078 sortem
304 1033 474 1076 electus
508 1031 568 1074 ad
604 1031 918 1075 ordinandam
954 1031 1282 1091 provinciam,
1318 1040 1362 1075 et
1400 1031 1517 1075 inte-

95 1104 220 1148 stina
269 1101 554 1146 dissensione
589 1110 634 1144 et
667 1102 977 1145 barbarorum
1011 1102 1214 1144 tumultu
1248 1101 1519 1159 inquietam.

97 1171 444 1230 Ordinavitque
483 1187 653 1229 magna
683 1173 947 1216 severitatis
976 1187 1028 1214 ac
1047 1171 1256 1230 justitiae
1279 1187 1416 1230 cura,
1454 1180 1519 1214 et-

92 1243 188 1294 iam
210 1244 261 1285 iu
283 1241 494 1301 parvulis
517 1243 669 1284 rebus.
732 1242 908 1297 Militi,
949 1242 1027 1299 qui
1049 1258 1136 1301 per
1162 1242 1517 1299 expeditionem

93 1312 322 1357 artissima
348 1324 532 1352 annona
562 1308 800 1351 residuum
827 1307 1116 1352 cibariorum
1140 1309 1285 1351 tritici
1306 1310 1518 1354 modium

94 1391 284 1426 centum
307 1378 510 1423 denariis
541 1376 800 1420 vendidisse
824 1379 1123 1435 arguebatur,
1166 1379 1331 1434 vetuit,
1376 1380 1518 1423 simul

97 1460 232 1509 atque
260 1449 472 1506 indigere
498 1447 603 1489 cibo
631 1447 875 1506 coepisset,
909 1463 934 1490 a
956 1463 1191 1505 quoquam
1213 1464 1352 1506 opem
1378 1449 1516 1492 ferri:

94 1530 142 1564 et
162 1521 198 1563 is
223 1521 346 1562 fame
383 1516 612 1561 extabuit.
683 1516 752 1559 At
785 1517 968 1574 injure
1008 1517 1232 1573 dicendo,
1274 1534 1415 1576 quum
1454 1520 1512 1562 de

92 1589 382 1652 proprietate
402 1586 601 1645 jumenti
628 1594 954 1644 quaereretur,
988 1587 1168 1631 levibus
1194 1588 1413 1646 utrinque
1442 1604 1515 1632 ar-

90 1658 323 1720 gumentis
349 1665 394 1700 et
418 1656 628 1713 testibus,
665 1656 863 1714 ideoque
888 1657 1072 1700 difficili
1100 1658 1370 1716 conjectura
1392 1659 1516 1702 veri-

94 1729 230 1786 tatis,
265 1727 333 1783 ita
360 1726 595 1783 decrevit,
634 1734 686 1770 ut
708 1728 766 1771 ad
798 1728 979 1785 lacum,
1019 1728 1099 1772 ubi
1135 1729 1359 1788 adaquari
1393 1730 1514 1773 sole·

93 1801 198 1856 bat,
241 1799 489 1842 duceretur
529 1796 682 1855 capite
713 1797 961 1856 involuto,
1002 1807 1138 1856 atque
1171 1799 1347 1842 ibidem
1381 1815 1516 1844 reve-

90 1870 220 1925 lato,
260 1870 353 1926 ejus
378 1875 512 1922 esset,
554 1868 611 1909 ad
639 1882 775 1924 quem
801 1875 965 1926 sponte
986 1885 1033 1912 se
1061 1884 1085 1911 a
1108 1877 1225 1928 potu
1247 1870 1513 1928 recepisset.

98 1936 182 2004 [8]
227 1937 302 1982 Ob
329 1952 429 1994 res,
470 1944 515 1979 et
536 1944 647 1979 tunc
668 1936 717 1979 iu
741 1935 935 1994 Africa,
975 1947 1020 1981 et
1046 1939 1160 1981 olim
1184 1939 1232 1980 in
1259 1939 1513 1983 Germania

94 2017 273 2068 gestas,
323 2014 599 2050 ornamenta
632 2006 943 2066 triumphalia
979 2009 1188 2068 accepit,
1226 2017 1271 2051 et
1300 2010 1515 2053 sacerdo-

93 2079 214 2124 tium
237 2077 436 2138 tripleX,
471 2076 595 2120 inter
617 2076 1028 2130 Quindecimviros
1049 2079 1320 2138 sodalesque
1343 2080 1516 2135 Titios,

185 2258 241 2290 ad
260 2256 420 2290 essedum
445 2272 492 2280 -
513 2257 692 2302 cucurrit]
728 2267 766 2290 v.
785 2265 913 2291 notata
933 2254 980 2292 ad
1003 2255 1127 2305 Calig.
1151 2255 1214 2292 26.

186 2315 430 2360 capeditiom's
443 2315 632 2360 Brizana]
674 2325 712 2347 v.
735 2310 866 2349 Claud.
892 2323 949 2356 17,

123 2412 130 2415 ,
187 2371 378 2418 Africam]
433 2370 521 2405 Tac.
543 2372 594 2405 H.
616 2384 649 2412 1,
667 2376 725 2419 49.
754 2373 863 2413 „Pro
884 2371 1050 2408 Consule
1069 2371 1241 2408 Africam
1261 2370 1516 2407 moderate—-

95 2428 344 2475 continuit.“
397 2429 498 2464 Plut.
523 2427 631 2463 Galb.
652 2428 685 2463 5.
710 2427 857 2474 λέγεται
879 2448 925 2455 -
946 2429 1006 2465 καὶ
1028 2429 1167 2475 Λιβύης
1189 2429 1393 2471 ἀνθύπατος
1415 2428 1517 2474 ’γενό-

64 2506 67 2513 =
96 2500 202 2535 μενος
232 2487 293 2524 σὺν
326 2485 464 2532 ὀλίγοις
491 2486 729 2530 ἐπαινεθῆναι.
778 2487 838 2522 De
864 2486 990 2524 forma
1021 2489 1238 2524 Proconsule
1265 2500 1302 2522 v.
1322 2496 1451 2522 notata
1470 2486 1517 2527 ad

95 2545 202 2582 Caes.
223 2550 282 2588 54.
308 2543 369 2579 Ad
387 2545 443 2579 M.
465 2543 668 2583 Vinicium
687 2545 737 2580 ΙΙ.
768 2554 804 2578 et
825 2545 880 2580 M.
910 2544 1107 2581 Statilium
1141 2544 1359 2580 Corvinum
1391 2545 1442 2589 (a.
1464 2546 1514 2583 U.

95 2604 199 2652 798.)
223 2601 537 2651 proconsulatum
559 2602 639 2647 ejus
657 2601 770 2638 refert
789 2602 944 2651 Pzgkias
967 2605 1064 2640 Ann.
1088 2605 1136 2639 T.
1160 2604 1227 2639 ΙΙΙ.
1248 2615 1284 2649 p.
1304 2610 1388 2647 575.

197 2662 520 2708 Quz'nclecz'mviros]
568 2672 607 2696 v.
639 2659 685 2695 ad
708 2659 812 2696 Caes.
833 2673 890 2708 79.
923 2663 984 2697 De
1012 2661 1198 2696 sodalibus
1224 2663 1332 2695 Titiis
1358 2673 1397 2695 v.
1419 2665 1510 2698 Tac.

36 2756 41 2759 ,
97 2717 144 2756 Δ.
164 2730 194 2760 1,
223 2719 282 2762 64.
309 2717 454 2763 „Idem
489 2730 609 2753 annus
635 2730 752 2753 novas
779 2719 1010 2754 cerimonias
1040 2717 1202 2766 accepit,
1237 2715 1373 2753 addito
1405 2718 1513 2755 soda-

100 2773 198 2815 lium
215 2774 488 2824 Augustalium
515 2775 748 2817 sacerdoti03
775 2787 818 2812 ut
851 2776 1047 2824 quondam
1073 2774 1120 2811 T.
1142 2777 1272 2810 Tatius
1305 2776 1514 2816 retinendis

105 2829 344 2886 Sabinorum
370 2832 484 2877 saeris
513 2835 655 2886 sodales
680 2834 802 2876 Titios
833 2839 1047 2878 instituerat
1061 2837 1082 2852 “
1108 2832 1320 2870 immemor
1345 2833 1428 2880 sui,
1455 2834 1517 2872 vel
