1795 3262
322 194 411 238 148
730 197 1323 233 c-sun'l'ON11

322 335 409 377 que
433 316 665 372 libuisset,
707 328 976 373 quacunque
999 312 1053 355 de
1080 327 1225 355 causa.
1297 311 1384 355 Sed
1421 327 1478 356 ne
1515 312 1570 356 de
1605 313 1712 372 plu·

320 391 448 433 ribus
472 388 663 430 referam
682 418 696 438 ,
735 383 1000 427 Salvidieno
1024 380 1175 423 Orfito
1201 381 1429 439 objectum
1454 391 1546 437 est,
1589 381 1714 439 quod

320 459 531 501 tabernas
555 465 646 498 tres
669 456 722 496 de
743 454 879 495 domo
899 467 979 493 sua
1006 450 1128 492 circa
1151 449 1322 492 Forum
1359 450 1621 494 civitatibus
1656 449 1714 494 ad

319 527 561 571 stationem
588 525 804 566 locasset:
838 519 993 562 Cassio
1017 518 1234 575 Longino
1266 518 1625 577 jurisconsulto,
1661 534 1715 561 ac

320 595 573 640 luminibus
605 593 797 643 orbato,
846 589 968 646 quod
999 587 1047 630 in
1086 595 1240 631 vetere
1277 587 1438 644 gentili
1473 595 1715 632 stemmate

325 665 375 707 C.
400 663 571 718 Cassii,
609 658 891 719 percussoris
919 656 1141 711 Caesaris,
1180 655 1444 699 retinuisset
1466 656 1717 714 imagines:

323 734 466 776 Paeto
492 731 754 783 Thraseae,
787 725 966 771 tristior
989 734 1035 769 et
1066 724 1326 785 paedagogi
1352 725 1519 770 vultus.
1588 723 1720 770 Mori

324 837 386 850 „-

423 908 479 941 ad
501 901 712 944 stationem]
748 898 855 944 „ubi
879 910 1018 935 starent
1045 893 1082 934 et
1108 906 1364 942 versarentur,
1387 897 1491 946 pleni
1508 900 1537 935 F
1540 899 1600 935 ori
1626 908 1721 934 tem·

323 975 437 1013 pore,
471 960 583 1009 legati
605 958 898 1001 civitatum,wut
913 955 1080 991 inveniri
1100 968 1120 990 a
1151 955 1355 990 convenire
1388 955 1605 992 volentibus
1633 967 1721 1004 pos·

322 1028 417 1055 sent.
430 1021 454 1037 “
479 1019 624 1051 Ernest.
672 1017 768 1050 Pltn.
788 1027 845 1061 ep.
865 1027 896 1055 1,
917 1022 972 1056 15,
998 1025 1032 1048 2.
1058 1038 1082 1056 „
1096 1011 1268 1060 Plerique
1285 1015 1323 1046 in
1341 1014 1561 1048 stationibus
1579 1011 1718 1055 sedent,

323 1085 546 1121 tempusque
567 1070 747 1105 audiendi
780 1068 916 1106 fabulis
949 1071 1189 1105 conterunt“
1216 1079 1251 1103 et
1272 1080 1303 1110 2,
1339 1082 1374 1117 9.
1405 1070 1440 1108 5.
1465 1069 1632 1113 „ambio
1658 1067 1723 1104 do·

323 1143 430 1170 mos,
468 1127 718 1175 stationesque
750 1128 952 1162 circumeo.
967 1130 988 1146 “
1057 1127 1196 1172 szlzz'l.
1225 1125 1282 1168 62,
1311 1136 1369 1169 27.
1404 1126 1624 1162 damnatum
1655 1123 1722 1160 ali·

323 1201 435 1237 quem
457 1185 572 1227 dicit,
600 1181 653 1221 ὅτι
673 1184 758 1231 πρὸς
777 1184 823 1229 τῇ
845 1184 961 1231 ἀγορᾷ
992 1182 1095 1228 ᾤκει,
1121 1182 1181 1218 καὶ
1211 1182 1427 1229 ἐργαστῆρια
1462 1183 1673 1229 ἐξεμίσθου,
1699 1179 1723 1229 ἢ

322 1245 384 1281 καὶ
405 1243 532 1288 φίλους
554 1242 647 1285 τινὰς
667 1241 713 1285 εἰς
733 1240 824 1276 αὐτὰ
845 1239 1052 1286 ὑπεδέχετο.
1099 1239 1260 1280 Videtur
1278 1238 1443 1276 incertus
1472 1236 1588 1276 fuisse
1610 1240 1724 1275 Grae·

323 1314 390 1337 cus
408 1299 570 1347 scriptor
587 1299 629 1333 in
649 1298 839 1333 vertendis
860 1298 1092 1332 stationibus.

422 1358 545 1392 Cassio
565 1358 747 1404 Longino]
784 1367 822 1391 v.
845 1354 951 1401 Lips.
972 1353 1016 1387 ad
1038 1357 1124 1388 Tac.
1142 1351 1177 1394 6,
1202 1358 1258 1395 15.
1277 1361 1314 1387 et
1334 1352 1461 1401 ipsum
1482 1356 1650 1388 Tacitum
1674 1352 1720 1388 A.

326 1425 386 1457 12,
414 1427 468 1457 ιι,
502 1424 558 1448 12.
587 1413 615 1447 l.
640 1413 693 1455 15,
726 1413 786 1447 52.
817 1421 853 1445 et
880 1409 906 1445 l.
932 1410 986 1453 16,
1016 1420 1049 1453 7.
1076 1412 1169 1445 Plc'n.
1188 1422 1243 1457 ep.
1260 1419 1293 1453 7,
1323 1416 1380 1453 24.
1405 1409 1451 1444 cf.
1471 1413 1599 1445 Baclziz'
1619 1410 1721 1445 Hist.

324 1473 406 1511 Jur.
433 1485 468 1519 p.
488 1479 571 1518 592.
596 1487 641 1496 -
688 1494 712 1511 ,‚
728 1468 945 1513 Objectavit
964 1467 1066 1503 Nero
1089 1467 1240 1509 Cassio,
1269 1468 1339 1511 (ita
1360 1471 1444 1502 Tac.
1466 1467 1517 1509 26,
1541 1468 1597 1512 7.)
1619 1466 1723 1514 quod

325 1528 427 1563 inter
457 1526 642 1574 imagines
674 1526 868 1569 majorum
901 1524 1011 1559 etiam
1046 1525 1086 1559 C.
1111 1524 1240 1558 Cassii
1263 1523 1424 1571 effigiem
1441 1523 1638 1567 coluisset,
1669 1524 1723 1558 ita

326 1585 568 1632 inscriptam:
603 1587 690 1616 Dux
708 1584 888 1616 Partium.
937 1581 1086 1628 Quippe
1116 1580 1258 1615 semina
1286 1579 1377 1615 belli
1407 1581 1534 1617 civilis
1564 1591 1599 1616 et
1626 1580 1725 1615 defe-

327 1641 494 1677 ctionem
517 1654 535 1675 a
557 1639 674 1674 domo
697 1637 898 1672 Caesarum
921 1638 1177 1684 quaesitam.“
1210 1649 1241 1671 c.
1260 1650 1294 1685 9.
1319 1638 1582 1685 „Deportatus
1605 1638 1646 1672 in
1665 1636 1724 1671 in·

327 1697 448 1734 sulam
466 1696 678 1733 Sardiniam
701 1694 854 1728 Cassius
873 1703 909 1727 et
927 1703 1093 1729 senectus
1112 1693 1191 1738 ejus
1212 1692 1537 1741 exspectabatur.“
1581 1692 1725 1740 Expul-

327 1767 412 1792 sum
449 1755 490 1788 in
521 1752 753 1793 Sardiniam,
793 1760 829 1785 et
863 1760 1083 1784 revocatum
1121 1762 1140 1783 a
1168 1751 1415 1798 Vespasiano,
1464 1749 1577 1785 tra‘dit
1607 1751 1724 1784 etiam

326 1817 494 1859 Pompon.
525 1810 569 1844 de
599 1809 696 1856 orig.
724 1807 798 1853 jur.
817 1816 850 1842 2.
887 1807 916 1848 ς.
948 1805 1016 1840 ult.
1039 1824 1085 1830 ·--
1150 1807 1325 1841 Ceterum
1355 1806 1469 1842 lectio
1498 1820 1536 1841 n.
1562 1805 1588 1840 l.
1617 1806 1725 1842 varie

329 1869 405 1904 fuit
427 1876 572 1903 tentata.
602 1867 749 1900 Ernest.
777 1862 968 1910 rescripsit
994 1875 1012 1896 e
1044 1863 1136 1898 Mss.
1165 1866 1204 1897 in
1230 1873 1350 1899 vetere
1375 1867 1501 1913 gentis
1524 1873 1723 1905 stemmate,

331 1937 520 1961 aversatus
547 1924 622 1959 duo
642 1921 828 1967 adjectiva
846 1919 969 1954 eidem
1005 1917 1242 1955 substantivo
1271 1921 1418 1965 juncta,
1451 1931 1581 1956 contra
1608 1932 1722 1970 quem

331 1982 507 2019 Oudend.
536 1991 572 2015 et
591 1978 713 2015 Wolf.
735 1988 832 2013 recte
855 1986 1110 2018 monuerunt,
1136 1986 1286 2011 stemma
1304 1979 1443 2026 gentile
1467 1989 1534 2025 pro
1551 1990 1627 2012 uno
1646 1988 1723 2012 esse

329 2038 589 2079 substantivo,
621 2050 648 2071 s.
664 2037 806 2084 gentile
833 2046 911 2067 non
938 2045 1014 2068 esse
1042 2033 1323 2079 praedicatum,
1348 2033 1409 2068 sed
1437 2035 1481 2068 ad
1505 2032 1723 2079 subjectum

329 2095 524 2145 pertinere.
573 2092 719 2128 Deinde
737 2104 805 2137 pro
829 2095 1037 2124 retinuisset
1055 2088 1160 2136 vulg.
1180 2089 1317 2137 legitur
1342 2094 1572 2126 restituisset.
1619 2088 1723 2124 Illud

330 2154 421 2188 Ern.
442 2152 493 2186 ita
515 2151 800 2196 interpretatur,
830 2158 871 2181 ut
893 2147 1043 2181 Cassius
1062 2147 1104 2180 in
1123 2145 1355 2182 conficiendo
1377 2148 1496 2195 gentis
1521 2157 1723 2183 stemmate

332 2209 450 2253 (hunc
483 2206 583 2241 enim
611 2217 757 2239 morem
790 2204 863 2239 hoc
889 2204 1043 2238 demum
1072 2216 1163 2238 aevo
1197 2203 1401 2239 invaluisse
1433 2205 1646 2247 contendit,
1673 2204 1720 2239 de
1764 2202 1777 2231 s

331 2279 407 2315 quo
429 2263 528 2300 mihi
546 2275 623 2297 non
644 2263 803 2304 constat)
824 2261 1014 2302 Cassium,
1037 2260 1203 2295 Caesaris
1221 2272 1493 2306 percussorem,
1521 2276 1591 2296 non
1603 2272 1724 2309 prae-⁸

334 2327 485 2360 terserit.
542 2319 729 2366 Equidem
758 2316 952 2352 levitatem
982 2319 1156 2353 criminis
1184 2330 1222 2350 ea
1255 2318 1437 2362 majorem
1467 2329 1578 2367 puto,
1616 2319 1649 2354 si
1676 2317 1719 2353 id

332 2380 450 2418 :modo
484 2376 700 2423 objectum,
734 2375 837 2421 quod
868 2375 910 2409 in
939 2386 1078 2415 vetere,
1112 2374 1236 2422 igitur
1265 2387 1342 2408 non
1371 2375 1417 2410 ab
1447 2377 1529 2423 ipso
1560 2376 1716 2411 demum

332 2439 525 2476 confecto,
550 2441 743 2468 stemmate
761 2434 1004 2477 percussoris,
1032 2433 1099 2480 qui
1124 2431 1168 2465 ad
1196 2431 1357 2476 majores
1385 2433 1610 2479 pertinebat,
1642 2431 1718 2468 effi.

330 2496 429 2544 giem
452 2496 650 2527 retinuerat
671 2489 709 2522 h.
733 2502 761 2522 e.
783 2503 850 2522 ηωι
869 2499 1032 2534 eyccerat.
1083 2489 1259 2535 Denique
1289 2487 1387 2535 plur.
1418 2493 1594 2538 imagines
1620 2500 1718 2526 recte

331 2551 542 2586 defenditur
568 2547 611 2582 ab
634 2545 807 2582 Oudcnd.
836 2558 964 2580 contra
984 2548 1148 2586 Ernest.,
1178 2545 1244 2592 qui
1273 2546 1374 2580 varie
1401 2544 1486 2581 loco
1514 2545 1715 2583 subvenire

329 2609 451 2644 studet
475 2609 529 2650 (v.
550 2606 630 2649 ejus
651 2603 746 2645 not.)
765 2628 773 2642 ,
800 2615 918 2648 quum
942 2602 1100 2637 div'ersis
1119 2601 1213 2636 locis
1241 2612 1398 2637 stemma
1423 2615 1509 2637 cum
1537 2602 1714 2651 imagini·

329 2664 400 2701 bus
421 2664 587 2711 positum
608 2660 790 2695 videatur.

419 2723 528 2755 Paulo
548 2721 739 2763 Thraseae]
791 2716 926 2750 Catoni
952 2716 1065 2761 hujus
1092 2715 1186 2749 aevi.
1225 2727 1262 2749 v.
1288 2714 1378 2750 Tac.
1402 2717 1454 2760 16,
1491 2726 1546 2750 21.
1578 2718 1709 2759 „Tru-

325 2779 455 2815 cidatis
482 2788 539 2811 tot
560 2776 774 2823 insignibus
798 2773 912 2809 viris,
941 2773 983 2805 ad
1006 2784 1240 2819 postremum
1260 2775 1361 2809 Nero
1382 2775 1565 2808 virtutem
1586 2774 1707 2822 ipsam

319 2835 531 2872 exscindere
554 2831 793 2880 concupivit,
833 2829 1029 2865 interfecto
1054 2829 1213 2867 Thrasea
1232 2833 1342 2867 Paeto
1366 2841 1403 2867 et
1422 2832 1538 2868 Barca
1559 2833 1717 2869 S'orano‘
