1859 3278
517 156 1092 192 v1TELL1us0‘
1404 148 1495 192 251

93 279 223 326 savit.
262 270 341 342 [9]
366 272 439 319 Ac
461 276 656 320 subinde
680 276 817 320 caede
842 274 1017 318 Galbae
1039 276 1340 334 annunciata,
1378 292 1504 320 com-

89 348 250 412 positis
289 346 585 390 Germanicis
628 347 793 403 rebus,
832 345 1029 405 partitus
1064 354 1128 388 est
1165 349 1352 404 copias,
1392 363 1502 404 quas

92 420 305 463 adversus
351 415 590 459 Othonem
619 415 976 477 praemitteret,
1029 431 1233 473 quasque
1274 416 1369 473 ipse
1399 432 1502 474 per-

90 489 291 541 duceret.
377 486 634 530 Praemisso
685 487 895 545 agmine,
949 487 1121 529 laetum
1157 486 1312 529 evenit
1348 486 1502 543 auspi-

91 557 239 600 cium:
278 555 505 613 siquidem
525 573 549 599 a
575 566 707 616 parte
744 557 909 599 dextra
941 565 1130 615 repente
1172 555 1327 613 aquila
1360 557 1503 597 advo-

89 627 234 684 lavit,
272 626 573 683 lustratisque
599 625 770 684 signis,
810 626 1038 682 ingressus
1068 626 1189 669 viam
1224 625 1392 669 sensim
1426 640 1504 667 au-

90 697 288 740 tecessit.
337 695 403 738 At
428 705 613 752 contra,
654 696 756 756 ipso
781 704 1021 753 movente,
1060 704 1232 738 statuae
1255 703 1503 753 equestres,

92 782 236 824 quum
264 765 555 824 plurifariam
583 766 623 809 ei
652 774 965 824 ponerentur,
1004 766 1157 809 lractis
1182 774 1373 824 repente
1401 781 1504 807 cru-

89 836 218 881 ribus
251 835 428 894 pariter
460 844 770 881 corruerunt:
810 844 853 878 et
875 837 1060 892 laurea,
1102 852 1233 893 quam
1254 834 1508 893 religiosis-

91 906 208 949 sime
245 904 648 960 circumdederat,
692 905 741 948 in
771 906 1083 965 profluentem
1122 906 1310 948 excidit.
1386 907 1507 948 Mox

91 975 308 1018 Viennae
335 991 422 1034 pro
448 975 671 1019 tribunali
691 977 796 1034 jura
820 975 1032 1019 reddenti
1058 976 1340 1033 gallinaceus
1366 990 1508 1033 supra

89 1045 368 1101 humerum,
432 1061 485 1088 ac
530 1045 696 1089 deinde
744 1046 792 1089 in
851 1045 1002 1105 capite
1053 1046 1242 1088 adstitit.
1325 1045 1509 1096 Quibus

89 1115 279 1160 ostentis
305 1131 392 1173 par
424 1115 670 1177 respondit
710 1116 890 1160 exitus:
928 1132 1034 1158 nam
1066 1115 1391 1159 confirmatum
1426 1130 1510 1174 per

93 1280 159 1316 sed
182 1291 295 1322 tunc,
325 1280 595 1328 superstitione
625 1281 816 1324 nominis,
843 1292 879 1316 et
908 1280 996 1329 quia
1024 1282 1066 1316 in
1098 1291 1203 1316 metu
1232 1280 1391 1317 consilia
1424 1293 1513 1329 pru-

77 1337 265 1374 dentium
298 1348 334 1372 et
366 1337 478 1386 vulgi
511 1351 648 1374 rumor
679 1340 787 1385 juxta
813 1339 1035 1375 audiuntur.
1054 1341 1079 1360 “
1118 1339 1165 1375 cf.
1186 1341 1376 1375 Plutarch.
1401 1338 1513 1375 Galb.

94 1405 157 1434 22.
186 1409 225 1430 v.
250 1395 413 1431 Reimar.
435 1396 479 1430 ad
504 1398 645 1442 Xiphil.
662 1398 720 1441 65,
748 1410 778 1432 1.

187 1455 297 1488 caede
319 1456 456 1490 Galbae
478 1457 723 1501 annunciata]
793 1459 880 1489 Tac.
911 1465 942 1496 1,
978 1454 1035 1497 64.
1062 1454 1299 1497 „Nuncium
1332 1454 1376 1489 de
1404 1453 1516 1490 caede

93 1509 234 1548 Galbae
256 1520 292 1545 et
323 1512 490 1560 imperio
519 1511 689 1548 Othonis
709 1511 849 1546 Fabius
868 1510 1007 1548 Valens
1041 1511 1083 1545 in
1116 1510 1271 1546 civitate
1294 1513 1515 1547 Leucorum

94 1571 250 1618 accepit.
297 1570 378 1604 Nec
398 1567 571 1604 militum
598 1569 749 1605 animus
773 1568 813 1604 in
841 1569 1030 1617 gaudium
1059 1579 1123 1602 aut
1152 1568 1403 1604 formidinem
1431 1583 1515 1616 per-

95 1640 248 1666 motus;
277 1624 421 1662 bellum
443 1625 636 1662 volvebat.
651 1629 676 1647 “

178 1689 348 1732 partitus
381 1694 437 1720 est
463 1688 601 1732 copias]
656 1689 744 1720 Tac.
768 1698 798 1727 1,
826 1684 886 1720 61.
913 1684 1139 1731 „Adiuncto
1160 1684 1381 1720 Britannico
1412 1698 1515 1721 exer-

94 1743 194 1786 citu,
229 1743 363 1791 ingens
394 1741 547 1778 viribus
580 1741 794 1791 opibusque
815 1742 1018 1782 Vitellius,
1053 1741 1149 1777 duos
1183 1741 1315 1785 duces,
1343 1742 1421 1778 duo
1448 1743 1515 1778 iti·

95 1815 183 1837 nera
203 1799 304 1836 bello
333 1798 549 1834 destinavit.
597 1799 738 1836 Fabius
760 1798 896 1837 Valens
926 1798 1098 1842 allicere,
1125 1798 1207 1839 vel,
1234 1800 1267 1834 si
1297 1799 1517 1844 abnuerent,·

97 1869 243 1895 vastare
265 1855 426 1897 Gallias,
456 1868 492 1891 et
512 1856 700 1892 Cottianis
719 1855 882 1904 Alpibus
911 1855 1061 1890 Italiam
1089 1856 1326 1905 i1·1·umpere;
1355 1858 1515 1894 Caecina

97 1916 282 1966 propiore
301 1914 462 1948 transitu
475 1939 485 1956 ‚
518 1914 672 1948 Peninis
691 1913 793 1962 jugis
813 1912 968 1961 degredi
986 1913 1123 1958 jussus.
1174 1914 1327 1953 Valenti
1356 1916 1516 1953 inferio-

96 1974 153 2010 ris
175 1971 361 2007 exercitus
385 1970 540 2014 delecti,
572 1984 657 2006 cum
684 1970 811 2019 aquila
842 1971 995 2018 quintae
1026 1969 1192 2019 legionis
1221 1983 1257 2006 et
1287 1973 1516 2011 cohortibus

99 2030 264 2078 alisque,
295 2028 341 2063 ad
377 2029 540 2063 XXXX.
562 2028 686 2064 millia
716 2040 952 2063 armatorum
989 2027 1084 2063 data.
1134 2030 1259 2064 XXX.
1281 2029 1406 2066 millia
1427 2020 1520 2068 Cae->

98 2089 184 2126 cina
214 2101 234 2123 e
261 2086 456 2136 superiore
487 2086 692 2121 Germania
724 2085 905 2126 ducebat,
948 2098 1116 2134 quorum
1151 2085 1274 2122 robur
1299 2085 1400 2135 legio
1431 2103 1517 2132 una,

97 2146 224 2197 prima
254 2154 290 2180 et
321 2144 524 2187 vicesima,
556 2144 641 2179 fuit.
679 2143 806 2178 addita
836 2145 986 2192 utrique
1010 2145 1287 2180 Germanorum
1308 2146 1471 2188 auxilia,
1498 2161 1520 2182 e

98 2205 240 2253 quibus
271 2201 453 2242 Vitellius
483 2214 566 2238 suas
598 2213 751 2250 quoque
782 2202 907 2251 copias
937 2199 1148 2251 supplevit,
1185 2212 1264 2237 tota
1294 2204 1398 2239 mole
1425 2204 1518 2241 belli

100 2271 314 2298 secuturus.
327 2262 352 2279 “

194 2320 400 2357 Praemisso
427 2319 590 2365 agmine]
644 2319 700 2352 Ita
730 2317 832 2352 edidi
862 2330 880 2352 e
901 2317 1062 2352 Memm.
1083 2315 1243 2364 aliisque
1264 2318 1430 2364 optimae
1451 2332 1520 2355 no-

100 2370 160 2412 {ae
178 2375 289 2411 codd.
309 2387 378 2423 pro
400 2378 555 2422 agmini.
607 2375 787 2422 Sequitur
805 2376 928 2411 enim:
955 2384 997 2411 at
1021 2385 1148 2409 contra
1176 2378 1253 2421 ipso
1272 2387 1446 2412 movente.

193 2435 319 2481 aquila
344 2434 550 2475 advolavit]
606 2432 698 2468 Tac.
720 2446 747 2473 1,
770 2435 828 2468 62.
856 2436 1054 2477 „Laetum
1077 2432 1279 2481 augurium
1302 2433 1422 2469 Fabio
1449 2436 1519 2472 Va—

101 2490 198 2528 lenti
221 2488 505 2536 exercituique,
530 2503 643 2538 quem
666 2490 706 2524 in
726 2488 871 2525 bellum
890 2491 1041 2538 agebat,
1069 2490 1153 2537 ipso
1172 2490 1423 2537 profectionis
1446 2492 1517 2536 die,

103 2547 230 2596 aquila
248 2546 327 2582 leni
349 2557 476 2582 meatu
490 2573 500 2590 ,
525 2558 642 2595 prout
657 2561 790 2596 agmen
810 2549 1015 2593 incederet,
1041 2550 1147 2586 velut
1176 2550 1255 2584 dux
1279 2549 1363 2584 viae
1379 2575 1389 2592 ,
1415 2564 1519 2598 prae-

103 2605 280 2644 volavit3
315 2603 552 2652 longumque
573 2618 639 2653 per
659 2606 821 2652 spatium
838 2607 872 2643 is
890 2607 1138 2656 gaudentium
1159 2605 1333 2641 militum
1356 2605 1517 2654 clamor,

107 2677 148 2700 ea
177 2663 282 2711 quies
309 2661 506 2696 interritae
533 2661 634 2698 alitis
662 2662 760 2706 fuit,
796 2676 838 2700 ut
867 2666 968 2701 haud
995 2664 1159 2701 dubium
1190 2677 1347 2712 magnae
1373 2676 1410 2701 et
1431 2680 1522 2715 pro.

108 2733 234 2768 sperae
262 2718 320 2755 rei
346 2730 460 2754 omen
487 2721 764 2769 acciperetur.“
787 2740 833 2750 —-·
857 2725 1028 2761 lustratis
1049 2738 1079 2760 s.
1109 2723 1138 2759 i.
1162 2735 1199 2770 q.
1222 2720 1452 2761 circumitis.
1478 2738 1518 2763 v.

111 2776 242 2814 Pitisc.

204 2835 456 2889 gallinaceus]
501 2835 861 2887 Intetpretationem
880 2838 1023 2878 ostenti
1042 2837 1105 2876 dat
1123 2846 1254 2874 auctor
1279 2850 1309 2876 c.
1330 2833 1385 2876 18.
