1795 3262
319 178 421 231 ,254
724 171 1308 221 usuum-0511

316 305 547 363 impetum
584 303 735 363 cepit:
781 312 832 345 ut
867 300 1033 355 multi,
1080 315 1165 342 nec
1199 301 1389 359 lrustra,
1435 300 1705 364 opinentur}

320 375 466 431 magis
487 375 692 433 pudore,
730 388 786 415 ne
808 380 933 413 lanto
957 385 1111 412 rerum
1138 369 1470 430 hominumque
1492 375 1703 432 periculo

319 443 681 485 dominationem
712 441 798 482 sibi
833 454 1033 481 asserere
1067 450 1408 497 perseveraret,
1455 459 1588 500 quam
1625 446 1702 487 de·

316 511 582 569 speratione
623 511 743 563 ulla,
794 516 871 550 aut
913 507 1166 550 diffidentia
1207 508 1472 567 copiarum:
1528 512 1702 571 quippe

313 580 533 636 residuis,
572 578 851 635 integrisque
875 576 1008 619 etiam
1029 592 1176 631 nune,
1214 592 1322 634 quas
1357 595 1510 622 secum
1545 582 1599 623 ad
1633 597 1700 624 se-

315 650 490 691 cundos
515 664 639 691 casus
677 646 968 700 detinuerat,
1001 653 1044 687 et
1079 647 1508 703 supervenientibus
1540 649 1640 693 aliis
1674 664 1703 694 e

315 718 568 772 Dalmatia,
605 714 933 772 Pannoniaque
960 723 1003 757 et
1023 714 1221 756 Moesia:
1255 731 1313 758 ne
1346 716 1480 759 victis
1512 718 1700 774 quidem

312 787 427 829 adeo
455 785 663 839 afflictis,
703 792 752 826 ut
773 799 866 826 non
887 783 935 826 in
961 784 1184 827 ultionem
1211 783 1491 842 ignominiae
1517 787 1702 842 quidvis

310 853 588 897 discriminis
615 853 770 908 ultro,
810 860 853 895 et
878 853 953 895 vel
987 854 1108 895 solae
1134 853 1352 896 subirent.
1401 850 1511 917 [10]
1551 855 1701 898 Inter·-

307 924 394 969 suit
430 925 520 967 hoc
556 922 678 964 bello
709 929 843 979 pater
878 936 1004 964 meus
1047 921 1290 964 Suetonius
1322 921 1488 982 Lenis,
1538 923 1699 967 tertiae

314 992 518 1035 decimae
549 990 745 1048 legionis
781 989 1015 1035 Tribunus
1053 990 1422 1048 angustielavius.
1504 991 1546 1037 Is
1581 1006 1699 1037 mox

299 1176 400 1211 Tum
423 1175 601 1212 incubuit
619 1176 793 1213 hostium
821 1178 936 1220 acies,
961 1177 1118 1225 integris
1148 1177 1368 1222 ordinibus,
1396 1176 1537 1214 robore
1565 1185 1602 1212 et
1625 1190 1695 1212 nu-

297 1245 403 1268 mero
431 1234 678 1279 praestantior
706 1248 808 1283 sequ.
823 1238 847 1255 “
874 1235 925 1271 cf.
945 1236 1132 1271 Plutarch.
1162 1248 1191 1270 c.
1211 1246 1268 1270 12.
1290 1251 1338 1263 —-
1384 1238 1455 1270 Pro
1481 1236 1695 1269 consaluta-

296 1293 393 1326 tione
421 1290 541 1338 (quod
562 1292 694 1328 vocab.
718 1292 762 1326 de
781 1292 909 1327 eadem
929 1305 969 1327 re
993 1291 1158 1327 occurrit
1186 1297 1273 1327 Tac.
1292 1293 1339 1327 A.
1361 1300 1415 1336 15,
1446 1293 1499 1327 16.
1529 1303 1565 1327 et
1591 1291 1692 1335 Hist-

293 1353 330 1392 4,
357 1349 431 1392 72.)
453 1349 613 1382 Memm.
632 1347 773 1396 aliique
795 1349 936 1385 vitiose
957 1350 1238 1390 consultatione,
1265 1348 1368 1396 quod
1389 1347 1558 1397 placebat
1581 1349 1694 1384 Grae·

292 1404 373 1440 vio.
423 1406 466 1439 In
485 1404 652 1440 editione
671 1405 846 1442 Oudend.
865 1406 986 1442 haesit
1004 1406 1147 1442 vitium
1167 1409 1421 1442 cons-alatione.

377 1464 517 1507 pudore
541 1480 588 1486 —-
607 1467 872 1508 perseveraret]
938 1463 1036 1499 Vide
1063 1464 1254 1511 egregiam
1283 1462 1452 1499 Othonis
1480 1462 1692 1498 orationem

291 1516 388 1564 apud
414 1523 501 1552 Tac.
523 1531 553 1552 c.
576 1524 631 1562 [47.
662 1520 847 1554 Plutarch.
868 1533 899 1555 c.
923 1527 978 1563 15.
1001 1530 1036 1553 et
1058 1520 1196 1565 Xs'plzsl.
1216 1532 1247 1555 c.
1266 1530 1324 1564 13.
1353 1519 1440 1554 ubi:
1478 1519 1690 1566 δικαιῦτερῦν

288 1573 404 1614 ἐστιν,
431 1572 489 1609 ἕνα
526 1574 614 1622 ὑπὲρ
643 1576 806 1617 πάντων,
832 1575 852 1622 ἢ
886 1577 1038 1617 πολλοὺς
1064 1575 1150 1623 ὑπὲρ
1178 1575 1251 1619 ἑνὸς
1281 1577 1492 1614 ἀπολέσθαι.
1541 1580 1691 1622 Eutrop-

287 1641 324 1675 7,
348 1646 402 1666 ιι.
426 1646 582 1679 „quum
607 1632 702 1666 tanti
728 1645 764 1665 se
791 1645 869 1668 non
899 1646 982 1675 esse⁸
1007 1632 1183 1673 dixisset,
1210 1643 1252 1668 ut
1277 1642 1433 1680 propter
1460 1646 1547 1668 eum
1577 1632 1693 1668 civile

290 1688 436 1725 bellum
459 1699 778 1723 commoveretur.
794 1691 818 1709 “

266 1740 273 1745 .
385 1760 492 1794 quam
524 1749 768 1791 desperatione
785 1764 830 1771 —
850 1749 1048 1793 copiarum]
1124 1750 1210 1781 Tac.
1244 1758 1275 1780 c.
1301 1748 1359 1788 44.
1393 1746 1690 1788 „Praetorianus

291 1805 423 1843 miles,
451 1816 529 1838 non
547 1804 688 1837 virtute
708 1815 759 1845 se,
790 1803 851 1838 sed
871 1803 1090 1850 proditione
1108 1803 1276 1840 victum,
1301 1802 1493 1838 fremebat.
1542 1804 1600 1839 Ne
1621 1803 1692 1839 Vi-

291 1860 453 1898 tellianis
473 1859 626 1908 quidem
657 1860 895 1894 incruentam
929 1860 1042 1894 fuisse
1066 1858 1292 1900 victoriam,
1318 1857 1431 1906 pulso
1459 1859 1604 1906 equite,
1631 1873 1690 1895 ra-

289 1929 353 1968 pta
381 1916 542 1964 legionis
573 1916 719 1963 aquila;
745 1929 930 1964 superesse
957 1930 1043 1951 cum
1075 1916 1157 1964 ipso
1178 1915 1354 1959 Othone,
1380 1914 1550 1951 militum
1584 1917 1689 1965 quod

289 1987 391 2012 trans
421 1974 563 2009 Padum
591 1973 728 2012 fuerit;
755 1973 885 2008 venire
913 1973 1098 2007 Moesicas
1126 1971 1312 2021 legiones;
1342 1985 1520 2021 magnam
1549 1974 1689 2008 exerci-

289 2043 351 2068 tus
379 2041 523 2079 partem
548 2030 723 2065 Bedriaci
754 2030 998 2070 remansissem
1028 2030 1099 2065 hos
1132 2039 1229 2064 certe
1262 2030 1433 2064 nondum
1463 2029 1608 2069 victos;
1635 2039 1685 2073 et,

288 2090 326 2127 si
352 2089 405 2123 ita
435 2088 566 2129 ferret,
601 2088 799 2123 honestius
829 2088 869 2121 in
898 2087 974 2121 acie
1004 2087 1205 2135 perituros.
1221 2089 1242 2104 “
1272 2099 1303 2121 c.
1323 2087 1380 2128 46.
1405 2087 1522 2129 „Nec
1537 2088 1688 2122 Praeto-

287 2146 386 2183 riani
416 2155 581 2185 tantum,
609 2144 785 2191 proprius
814 2143 981 2181 Othonis
1010 2142 1140 2185 miles,
1173 2142 1234 2178 sed
1265 2143 1461 2191 praemissi
1487 2157 1505 2178 e
1524 2144 1686 2186 Moesia,

286 2203 442 2240 eandem
466 2199 762 2237 obstinationem
789 2200 1024 2236 adventantis
1053 2199 1255 2242 exercitus,
1282 2199 1446 2247 legiones
1465 2199 1697 2247 Aquileiam·

285 2263 487 2310 ingressaS,
509 2257 751 2293 nunciabant.
775 2269 817 2292 ut
835 2271 945 2293 nemo
967 2257 1133 2298 dubitet,
1160 2257 1328 2304 potuisse
1344 2257 1518 2293 renovari
1537 2255 1682 2293 bellum

286 2329 396 2358 atrox
411 2343 421 2361 ‚
449 2314 628 2364 lugubre,
655 2315 841 2349 incertum
861 2315 974 2351 victis
994 2325 1029 2349 et
1053 2313 1280 2349 victoribus.
1294 2316 1315 2331 “

382 2375 560 2411 Tribunus
577 2374 882 2419 angustie-lavim]
934 2398 957 2415 „
971 2371 1204 2407 Tribunatus
1222 2379 1298 2404 erat
1317 2379 1397 2405 tum
1415 2369 1556 2405 militia
1573 2383 1681 2419 eque-

284 2434 394 2476 stris,
423 2442 466 2467 ut
488 2428 688 2465 Suetonius
707 2427 814 2463 docet
836 2429 914 2476 ipse
932 2429 973 2463 in
992 2432 1087 2476 Aug.
1107 2440 1138 2462 c.
1159 2427 1216 2462 38.
1246 2426 1317 2461 Sed
1343 2425 1534 2462 interdum
1561 2428 1679 2463 etiam

284 2505 363 2528 :non
387 2489 542 2537 Equites
559 2486 604 2522 ad
622 2486 721 2522 hunc
743 2485 900 2533 gradum
923 2484 1148 2520 fortitudine
1168 2496 1302 2518 venere
1316 2509 1325 2526 ,
1348 2492 1383 2518 et
1411 2494 1603 2532 propterea
1631 2485 1676 2520 in

283 2549 469 2597 Equitum
498 2550 700 2579 nnmerum
732 2542 859 2584 relati,
888 2553 931 2577 ut
956 2542 1018 2577 hic
1045 2541 1246 2577 Suetonius
1270 2539 1397 2575 Lenis.
1446 2540 1516 2575 Sed
1545 2541 1588 2575 hi
1613 2539 1677 2576 usi

283 2615 371 2642 sunt
387 2601 506 2639 veteri
523 2600 706 2648 Equitum
735 2599 897 2646 insigni,
924 2609 1084 2649 angusto
1111 2599 1231 2638 clavo,
1256 2609 1375 2644 quum
1403 2596 1454 2640 ii,
1481 2597 1549 2643 qui
1578 2595 1674 2632 clara

281 2660 445 2709 equestri
463 2668 570 2706 gente
589 2668 714 2698 essent,
735 2659 893 2692 illustres
911 2655 1132 2696 dicerentur,
1161 2664 1423 2701 uterenturque
1441 2653 1518 2689 lato
1535 2655 1682 2689 clavo.“

280 2719 424 2753 Ernest.
441 2736 487 2742 —-
542 2715 741 2757 conferas,
778 2726 870 2761 quae
900 2712 943 2747 de
972 2714 1163 2760 Equitibus·
1189 2712 1389 2746 illustribus
1417 2722 1446 2745 ε.
1474 2711 1674 2745 laticlavia&

282 2775 388 2823 Lips.
417 2784 452 2808 et
469 2775 614 2808 Ernent.
637 2770 681 2805 ad
709 2770 798 2806 Tac.
818 2771 860 2804 A.
886 2781 940 2813 ιι,
969 2776 1024 2813 4.,
1051 2780 1088 2805 et
1107 2769 1247 2806 Ruhen.
1276 2768 1320 2803 de
1350 2780 1389 2804 re
1414 2767 1561 2804 vestiar.
1581 2779 1613 2810 ι,
1639 2771 1674 2812 8·

281 2841 319 2868 et
342 2839 397 2874 aa·
419 2843 460 2868 v.
481 2829 595 2865 etiam
621 2828 668 2866 ad
685 2830 783 2880 Aug.
802 2833 862 2873 58.
