1859 3278
0 2442 6 2484 ‚⁹
61 2455 86 2477 a
104 2455 143 2476 n.
163 2441 187 2477 l.
210 2455 297 2477 cum
316 2444 509 2480 nonnullis
530 2448 644 2482 codd.

628 190 884 225 NERO.
1386 193 1473 250 95'

51 302 131 346 'aut
152 299 330 345 minuit.
389 300 602 346 Praemia
624 305 883 353 delatorum
908 307 1082 369 Papiae
1104 310 1217 372 legis
1240 316 1295 359 ad
1320 322 1455 374 quari

51 382 119 416 tas
177 370 365 426 redegit.
459 371 633 417 Divisis
678 381 857 437 populo
906 381 1081 424 viritim
1127 385 1452 443 quadringenis

50 439 280 496 nummis,
337 439 616 488 Senatorum
660 448 949 493 nobilissimo
987 452 1180 511 cuique,
1228 457 1305 499 sed
1342 472 1365 498 a
1403 472 1453 501 re

16 508 272 559 ,familiari
326 509 574 571 destituto,
641 531 789 563 annua
832 520 1023 578 salaria,
1092 532 1137 566 et
1176 524 1453 581 quibusdam

50 578 304 637 quingena,
351 582 616 626 constituit:
675 586 785 630 item
829 591 1135 647 praetorianis
1183 594 1455 638 cohortibus

18 661 22 664 ’
49 648 335 692 fiumeutum
361 660 646 695 menstruum
668 658 932 712 gratuitum.
1005 662 1067 705 Et
1089 678 1231 719 quum
1259 664 1313 706 de
1351 680 1459 724 sup-

46 717 194 777 plicio
217 719 450 776 cujusdam
476 722 627 780 capite
655 725 885 785 damnati,
920 739 970 773 ut
1003 747 1063 774 ex
1094 748 1225 776 more
1257 733 1458 776 subscri-

48 786 209 844 beret,
247 788 602 835 admoueretur:
653 794 811 850 Quam
835 799 1030 857 vellem,
1066 802 1240 861 inquit,
1278 804 1461 849 nescire

47 951 132 1002 puli
159 951 482 1001 flagitationibus,
509 953 798 994 immodestiam
830 959 1127 1009 publicanorum
1158 967 1365 1015 arguentis,
1390 967 1461 1005 du-

51 1008 194 1045 bitavit
214 1010 317 1046 Nero
331 1038 340 1052 ,
370 1024 416 1046 an
435 1025 569 1049 cuncta
588 1016 788 1065 vectigalia
809 1019 941 1054 omitti
965 1020 1124 1067 juberet,
1154 1023 1269 1072 idque
1288 1025 1462 1074 pulcher·

46 1067 194 1104 simum
215 1067 361 1103 donum
379 1071 510 1116 generi
530 1072 752 1108 mortalium
772 1073 886 1111 daret.
940 1079 1010 1113 Sed
1028 1080 1215 1128 impetum
1236 1083 1328 1128 ejus,
1360 1084 1462 1119 mul-

47 1133 132 1162 tum
153 1124 273 1172 prius,
292 1123 439 1161 laudata
466 1129 733 1178 magnitudine
766 1132 910 1177 animi,
939 1136 1124 1172 attinuere
1146 1140 1360 1185 Senatores,
1388 1141 1463 1178 dis·

47 1180 285 1217 solutionem
303 1181 459 1231 imperii
491 1186 683 1229 docendo,
710 1187 740 1222 si
771 1187 914 1225 fructus
931 1218 940 1234 ,
968 1192 1109 1239 quibus
1132 1197 1240 1245 Resp.
1262 1200 1464 1234 sustinere·

50 1247 128 1281 tur,
157 1237 504 1275 deminuerentur“
525 1255 626 1291 sequ.
655 1256 692 1278 v.
714 1256 744 1278 c.
769 1247 826 1280 51.
852 1245 922 1281 ubi
941 1248 1058 1285 edicta
1078 1264 1254 1296 recenset,
1292 1268 1337 1290 ex
1351 1258 1460 1292 Prin·

48 1295 144 1343 cipis
167 1295 399 1344 benignitate
428 1300 620 1353 profecta,
648 1300 852 1349 additque:
882 1304 1077 1354 „Aliaque
1106 1310 1315 1346 admodum
1344 1327 1461 1362 aequa

53 1351 236 1398 (edixit),
271 1366 366 1401 quae
400 1354 512 1390 brevi
542 1368 706 1400 servata,
737 1359 825 1395 dein
855 1361 992 1396 frustra
1021 1362 1151 1400 habita
1185 1365 1283 1404 sun’t.
1333 1371 1463 1406 Manet

49 1418 177 1445 tamen
204 1409 368 1445 abolitio
401 1413 709 1460 quadragesimae
737 1416 1166 1469 quinquagesimaeque,
1204 1435 1240 1459 et
1263 1438 1356 1474 quae
1386 1426 1462 1462 alia.

50 1466 315 1502 exactionibus
341 1465 489 1503 illicitis
520 1471 679 1506 nomina
702 1471 900 1521 publicani
929 1475 1162 1516 invenerant.
1179 1483 1202 1500 ⁴‘
1224 1494 1262 1518 v.
1278 1482 1384 1532 Lips.
1414 1484 1464 1520 ad

51 1522 158 1560 locos
177 1525 241 1559 cit.

145 1585 199 1616 ad
227 1585 398 1628 quartas]
433 1582 471 1618 h.
491 1596 522 1618 e.
546 1582 779 1621 delatoribus
807 1599 960 1633 eorum,
988 1592 1057 1639 qui
1084 1605 1214 1630 contra
1244 1594 1368 1647 legem
1396 1601 1464 1636 Pa-

50 1638 157 1688 piam
173 1640 382 1686 Poppaeam
402 1652 630 1688 peccassent,
660 1654 832 1690 quartam
854 1656 1000 1683 tantum
1021 1663 1166 1698 partem
1185 1655 1460 1703 praemiorum,

49 1708 147 1743 quae
163 1705 268 1730 antea
287 1708 521 1745 acceperant,
550 1698 631 1734 dari
651 1701 779 1746 jussit.

146 1752 284 1788 Divisis
297 1768 338 1800 p.
361 1769 393 1789 ν.
411 1759 613 1807 quadring.
633 1759 685 1802 n.]
749 1763 835 1795 Tac.
860 1761 914 1802 13,
937 1763 996 1799 31.
1027 1765 1189 1813 „plebei
1220 1770 1462 1818 congiarium

51 1813 296 1859 quadringeni
319 1812 430 1846 numi
455 1813 608 1849 viritim
641 1814 756 1850 dati“
789 1818 845 1853 uti
870 1819 1089 1869 legendum,
1136 1838 1267 1862 omnes
1299 1828 1464 1867 editores

53 1868 143 1912 inde
169 1882 189 1903 a
213 1867 348 1919 Lipsio
381 1883 606 1908 censuerunt
633 1885 702 1920 pro
732 1873 841 1924 vulg.
868 1882 1114 1929 quadrageni.
1151 1896 1190 1919 ac
1219 1898 1257 1920 n.
1287 1884 1314 1920 l.
1346 1887 1463 1931 etiam

54 1926 160 1963 mihi
179 1925 290 1961 codd.
311 1938 486 1975 corrupte
517 1933 755 1979 quadrigente
783 1944 819 1968 et
850 1934 939 1970 inde
972 1942 1234 1990 quadragenis.
1281 1944 1462 1981 Ceterum

54 1982 146 2020 haec
172 1984 307 2022 verba.
342 1983 384 2018 in
409 1984 597 2035 plerisque
623 1987 710 2024 edit.
744 1991 931 2038 superiori
957 1998 1143 2032 commati
1169 2013 1333 2046 annexa,
1372 2016 1461 2040 cum

55 2041 233 2079 Oudend.
255 2043 426 2089 sequenti
449 2045 612 2087 attexui,
639 2059 714 2094 quo
738 2049 939 2095 pertinent.

150 2103 229 2134 Seu.
248 2100 468 2134 nobilissimo
487 2105 630 2148 cuique]
660 2103 718 2138 uti
737 2104 890 2143 Valerio
912 2108 1106 2153 Messalae,
1132 2113 1296 2162 collegae
1314 2117 1356 2152 in
1374 2131 1465 2155 con·

57 2155 183 2192 sulatu
204 2169 235 2191 a.
255 2161 340 2200 812.
391 2161 479 2193 Tac.
501 2167 554 2202 13,
582 2167 640 2203 34.
660 2161 749 2208 qui:
783 2188 808 2205 „
823 2163 952 2200 nobili
985 2168 1154 2206 familiae
1178 2171 1305 2209 honor
1334 2188 1466 2213 auctus

58 2223 132 2254 est,
157 2214 292 2248 oblatis
316 2216 355 2247 in
381 2218 542 2262 singulos
570 2231 685 2254 annos
705 2224 898 2269 quingenis
917 2229 1118 2270 Sestertzis,
1145 2229 1286 2277 quibus
1308 2233 1468 2270 Messala

58 2280 317 2318 paupertatem
350 2271 550 2308 innoxiam
591 2288 824 2314 sustentaret.
889 2282 1045 2319 Aurelio
1077 2299 1230 2335 quoque
1265 2289 1396 2325 Cottae
1429 2300 1466 2327 et

59 2329 218 2363 Haterio
240 2330 407 2364 Antonio
425 2344 585 2367 annuam
598 2339 792 2380 pecuniam
823 2342 952 2374 statuit
969 2342 1163 2392 Princeps,
1191 2349 1368 2393 quamvis
1402 2360 1467 2395 per

1 2382 25 2426 ᾗ
59 2383 194 2420 luxum
217 2385 333 2420 avitas
353 2398 440 2433 opes
461 2387 746 2437 dissipassent.“
793 2394 969 2432 Ceterum
989 2412 1067 2435 non
1098 2403 1307 2438 omittenda
1337 2417 1462 2452 praep.

702 2452 757 2485 Ita
787 2452 892 2487 enim
921 2458 1117 2494 destitutus
1145 2471 1199 2494 est
1227 2461 1326 2495 int'1a
1356 2475 1384 2496 c.
1405 2471 1463 2504 52.

63 2510 101 2534 et
119 2499 294 2534 additum
315 2513 340 2534 a
361 2503 603 2548 resamiliari,
634 2506 673 2541 h.
693 2520 722 2542 e.
742 2510 846 2555 quod
865 2514 997 2548 attinet
1013 2516 1057 2549 ad
1077 2529 1157 2551 rem
1180 2516 1313 2559 famil„
1342 2529 1463 2552 osten·

64 2555 143 2599 dit,
172 2569 246 2604 qua
263 2570 303 2592 re
322 2557 464 2594 fuerint
484 2561 677 2606 destituti,
707 2577 826 2612 quum
856 2568 899 2603 de
929 2572 1045 2608 variis
1073 2575 1184 2608 rebus
1211 2575 1282 2608 hoc
1314 2586 1465 2622 usurpe-

63 2622 138 2648 tur.
186 2615 284 2650 Mox
302 2619 556 2666 quinquagena
580 2622 692 2655 etiam
714 2622 869 2660 collatio
892 2627 1065 2669 Mulier„
1090 2644 1107 2664 a
1126 2642 1202 2678 quo
1221 2628 1415 2677 probatur.

145 2672 265 2718 frum.
285 2679 636 2724 menstruumgrat]
678 2678 768 2713 Tac.
794 2684 847 2721 15,
863 2692 918 2727 72.
939 2686 983 2719 ad
1004 2701 1033 2721 a.
1056 2689 1135 2722 81c.
1163 2687 1281 2729 „bina
1299 2687 1462 2723 numum

65 2727 190 2763 millia
208 2730 359 2765 viritim
386 2733 688 2780 manipularibus
713 2737 863 2781 divisit,
889 2742 1109 2791 addiditque
1136 2749 1212 2777 sine
1232 2755 1352 2789 premo
1371 2747 1464 2794 ssu·

10 2806 11 2809 =
64 2794 241 2829 mentum,
271 2799 346 2835 quo
367 2799 450 2824 ante
470 2803 515 2824 ex
535 2793 652 2828 modo
675 2807 842 2831 annonae
862 2799 1098 2835 utebantur“
1124 2801 1192 2836 ubi
1216 2812 1255 2837 V.
1275 2802 1382 2851 Lips.

158 2847 273 2890 Quam
293 2848 431 2894 vellem]
463 2860 498 2884 v.
521 2853 641 2888 senec.
664 2857 708 2887 de
726 2856 897 2891 clement.
917 2867 949 2900 2,
973 2871 1002 2891 ι,
