1795 3262
326 178 426 237 394
531 188 572 220 c.
609 185 862 228 suss'rom·
882 185 949 217 m:
989 182 1131 216 cLAn.
1167 181 1318 214 num.
1354 175 1454 223 nm

325 305 578 350 demittere.
630 303 719 348 Sed
746 318 805 348 ex
825 318 879 346 eo
905 301 1056 344 clarus
1071 330 1086 357 ,
1121 298 1316 358 propria
1335 298 1564 344 auditoria
1585 299 1720 348 insti-

324 377 438 431 tuit,
477 375 637 418 solitus
678 372 919 432 proposita
953 368 1269 418 controversia
1300 370 1460 413 sedens
1494 369 1720 430 incipere,

323 454 370 489 et
406 446 559 488 calore
589 445 773 486 demum
810 447 1056 500 provectus
1087 454 1363 495 consurgere
1398 454 1450 481 ac
1485 456 1721 498 perorare.

322 514 625 558 Declamabat
649 520 798 556 autem
826 524 992 567 genere
1014 508 1168 553 vario:
1205 510 1344 550 modo
1380 508 1619 567 splendide
1654 518 1721 552 at·

323 599 414 643 que
460 585 709 626 adornate:
764 588 890 633 tum,
935 594 992 621 ue
1037 593 1365 636 usquequaque
1413 578 1719 622 scholasticus

322 652 682 706 existimaretur,
717 648 987 693 circumcise
1013 663 1066 689 ac
1089 648 1291 703 sordide,
1331 655 1375 691 et
1399 649 1719 691 tantummodo

318 723 580 766 trivialibus
605 719 767 763 verbis.
813 718 923 775 Egit
947 726 993 760 et
1015 733 1184 773 causam,
1222 732 1383 760 verum
1408 717 1569 771 rarius,
1610 718 1722 760 dum

319 792 653 850 amplissimam
695 804 923 846 quamque
957 796 1183 843 sectatur3
1241 798 1325 830 nec
1360 786 1500 830 alium
1543 786 1590 829 iu
1625 787 1718 830 ulla

316 861 498 918 locum,
542 874 678 916 quam
710 857 972 916 perorandi.
1051 857 1212 900 Postea
1253 855 1550 899 renunciavit
1578 855 1716 913 Foro,

316 932 492 992 partim
530 928 740 986 pudore,
789 927 962 985 partim
1002 934 1145 969 metu.
1218 925 1341 969 Nam
1379 941 1522 983 quum
1554 925 1602 967 in
1637 925 1718 968 lite

317 1001 515 1058 quadam
540 995 895 1052 centumvirali,
928 994 1226 1050 adversario,
1263 1010 1401 1051 quem
1436 1003 1484 1038 ut
1517 995 1718 1053 impium

315 1084 422 1125 erga
467 1075 682 1127 parentes
731 1065 1012 1118 incessebat,
1059 1065 1411 1122 jusjurandum,
1458 1065 1586 1122 quasi
1632 1078 1718 1123 per

314 1138 511 1190 figuram
538 1135 603 1181 sic
625 1135 886 1178 obtulisset:
932 1134 1051 1178 Jura
1071 1149 1162 1192 per
1180 1134 1335 1191 patris
1363 1134 1623 1192 matrisque
1652 1132 1719 1176 cia

312 1223 466 1262 nerea,
504 1206 591 1264 qui
611 1203 1051 1263 inconclz‘tijacent:
1095 1211 1143 1247 et
1164 1202 1254 1246 alia
1279 1202 1328 1245 iu
1350 1201 1474 1246 hune
1501 1203 1715 1246 modum:

310 1275 563 1335 arripiente
585 1289 638 1317 eo
661 1273 1003 1329 conditionem,
1041 1287 1127 1315 nee
1142 1270 1378 1329 judicibus
1411 1271 1710 1330 aspernanti-

305 1345 424 1401 bus,
471 1360 564 1389 non
596 1345 694 1387 sine
726 1357 893 1400 magna
926 1341 997 1386 sui
1026 1338 1205 1385 invidia
1244 1340 1483 1397 negotium
1526 1340 1713 1384 afflixit.

305 1414 370 1458 Et
394 1430 550 1458 rursus
573 1412 622 1457 in
651 1413 916 1470 cognitione
952 1411 1134 1466 caedis,
1173 1409 1462 1465 Mediolani,
1503 1411 1622 1469 apud
1653 1409 1711 1454 L.

305 1484 525 1527 Pisonem
550 1483 883 1526 Proconsulem
907 1481 1154 1523 defendens
1183 1495 1342 1535 reum,
1384 1494 1547 1536 quum,
1585 1478 1715 1523 cohi-

303 1553 442 1596 bente
468 1553 634 1595 lictore
655 1551 820 1594 nimias
847 1549 1136 1593 laudantium
1157 1563 1310 1604 voces,
1350 1546 1415 1591 ita
1438 1548 1716 1592 excanduis-

304 1630 399 1677 set,
439 1629 490 1664 ut
527 1629 600 1675 et,
634 1620 877 1676 deplorato
915 1618 1077 1660 ltaliae
1107 1626 1254 1673 statu,
1292 1616 1421 1675 quasi
1451 1618 1623 1662 iterum
1661 1617 1713 1660 in

307 1691 507 1735 formam
554 1686 829 1747 provinciae
876 1685 1193 1743 redigeretur,
1245 1686 1477 1729 ‘Marcum
1518 1686 1714 1744 insuper

307 1759 535 1815 Brutum,
585 1758 714 1813 cujus
753 1763 900 1798 statua
923 1755 973 1797 in
1005 1762 1255 1813 conspectu
1287 1762 1412 1810 erat,
1449 1754 1710 1811 invocaret,

307 1829 464 1887 legum
487 1843 540 1872 ac
561 1824 790 1870 libertatis
814 1831 1049 1866 auctorem
1073 1831 1116 1865 et
1138 1822 1388 1878 vindicem,
1426 1837 1574 1882 paene
1599 1838 1713 1883 poe-

308 1914 389 1942 nas
411 1896 512 1941 luit.
585 1895 689 1937 Jam
714 1902 865 1937 autem
893 1892 1047 1938 senior
1081 1892 1140 1935 ob
1176 1891 1341 1936 vitium
1379 1891 1590 1935 vomicae
1611 1893 1712 1936 No-

307 1967 490 2012 variam
521 1963 684 2010 rediit:
726 1970 1072 2020 convocataque
1099 1962 1260 2022 plebe,
1299 1961 1472 2019 causis,
1511 1971 1711 2021 propter

309 2052 422 2094 quas
458 2034 581 2078 mori
613 2033 905 2089 destinasset,
958 2031 1070 2088 diu,
1115 2046 1170 2075 ac
1202 2046 1333 2076 more
1373 2030 1710 2091 concionantis,

305 2104 501 2150 redditis
518 2134 533 2162 ,
570 2102 793 2147 abstinuit
814 2102 932 2146 cibo.

400 2265 652 2308 laudantium]
684 2276 734 2300 se,
751 2263 996 2308 auditorum,
1021 2264 1188 2302 maxime
1214 2277 1262 2302 ex
1287 2261 1505 2317 discipulis,
1536 2275 1706 2314 quorun

306 2337 449 2365 corona
468 2332 708 2378 perorantem
724 2323 953 2372 magistrum
971 2322 1159 2374 cingebat.
1556 2317 1559 2320 ⁵
