1859 3278
503 165 1022 211 crAun1us.'
1405 168 1469 230 57

69 293 295 340 Camillae
329 300 452 350 erat,
491 308 517 337 e
547 309 716 351 genere
751 294 943 353 antiquo
978 293 1236 339 Dictatoris
1269 298 1472 342 Camilli.

64 365 310 420 Priorem,
350 363 475 422 quod
505 372 721 422 parentes
750 365 843 422 eJ'us
870 364 1133 422 Augustum
1167 368 1473 424 offenderant,

65 434 299 492 virginem
321 434 472 477 adhuc
495 434 786 492 repudiavit:
823 435 1133 494 posteriorem
1156 435 1258 495 ipso
1283 436 1373 492 die,
1397 438 1477 494 qui

67 513 170 548 erat
191 503 366 563 nuptiis
394 504 671 560 destinatus,
709 520 771 548 ex
802 506 1068 549 valetudine
1105 506 1272 550 amisit.
1344 506 1479 549 Uxo-

66 589 141 619 res
164 573 329 617 deinde
359 574 498 616 duxit
517 573 749 617 Plautiam
776 573 1142 632 Urgulanillam,
1182 576 1476 635 triumphali,

68 651 114 687 et
138 659 252 686 mox
278 643 462 686 Aeliam
486 643 695 687 Petinam
714 676 726 700 ,
763 645 996 688 consulari
1023 654 1167 705 patre.
1209 646 1329 688 Cum
1354 655 1479 688 utra-

69 727 158 771 que
181 713 434 757 divortium
461 712 596 756 lecit:
638 714 716 756 sed
738 730 844 756 cum
871 714 1035 758 Petina
1053 748 1066 772 ,
1107 732 1167 758 ex
1196 717 1378 759 levibus
1412 714 1481 757 of-

67 782 234 840 fensis;
269 799 374 826 cum
398 781 720 840 Urgulanilla,
753 784 812 826 ob
839 784 1089 828 libidinum
1115 787 1293 845 probra
1320 794 1365 828 et
1394 785 1482 827 ho-

70 852 254 896 micidii
276 851 602 910 suspicionem.
651 853 761 897 Post
785 854 866 896 has
891 854 1132 899 Valeriam
1161 856 1481 912 Messalinam,

70 921 264 966 Barbati
299 923 547 979 Messalae,
587 923 857 966 consobrini
894 925 996 978 sui,
1033 925 1203 982 filiam,
1243 926 1292 968 in
1320 924 1483 967 matri-

73 991 288 1035 monium
327 993 521 1051 accepit.
595 992 748 1046 Quam
786 1009 928 1050 quum
961 996 1292 1053 comperisset,
1340 1010 1483 1054 super

73 1070 224 1105 cetera
256 1061 433 1120 flagitia
468 1070 605 1120 atque
644 1064 903 1119 dedecora,
966 1063 1017 1106 C.
1055 1065 1171 1108 Silio
1211 1065 1352 1108 etiam
1400 1081 1485 1108 nu·

72 1131 239 1192 psisse,
275 1133 380 1176 dote
404 1131 774 1193 inter-Auspices
800 1132 1082 1192 consignata,
1121 1135 1355 1195 supplicio
1378 1134 1488 1177 affe-

162 1308 336 1344 parentes
363 1303 409 1345 ej.
427 1299 527 1349 Aug.
558 1300 799 1344 tffindemnt]
852 1299 961 1331 Pater
989 1297 1034 1332 L.
1059 1295 1197 1332 Paulus
1225 1296 1492 1342 conjuratione

73 1353 193 1403 (Aug.
220 1357 298 1404 19.)
313 1380 324 1397 ‚
350 1367 470 1391 mater
489 1355 594 1394 JuJia
612 1357 712 1391 vitae
731 1353 882 1403 probris
905 1356 965 1398 (A.
985 1354 1076 1399 65.).

168 1415 358 1449 Plautiam
372 1414 660 1462 Urgulanillam]
684 1424 721 1446 v.
745 1411 790 1445 de
809 1411 889 1455 ejus
910 1423 1054 1458 genere,
1083 1423 1179 1457 quae
1195 1410 1491 1446 disserith-m.

75 1486 124 1494 —·
174 1471 396 1518 Urgulania,
441 1470 525 1505 avia
565 1468 708 1504 Plautii
745 1464 893 1502 Silvani
933 1467 1138 1510 Praetoris,
1176 1468 1313 1503 Liviae
1350 1468 1488 1511 amica,

78 1527 248 1561 occurrit
270 1526 369 1574 apud
395 1531 483 1561 Tac.
504 1531 535 1567 ά,
558 1535 617 1560 22.
667 1528 774 1560 Pater
798 1523 966 1559 Plautiae
995 1524 1113 1559 fuisse
1147 1525 1301 1560 videtur
1321 1528 1492 1562 Silvanus

77 1583 152 1618 ille:
168 1585 336 1619 Plautius
353 1583 561 1620 consularis
575 1609 585 1626 ,
614 1583 721 1627 cujus
743 1594 799 1617 res
824 1592 942 1630 gestas
962 1582 1006 1616 in
1035 1579 1136 1617 bello
1161 1584 1380 1618 Pannonico
1409 1596 1494 1618 me-

79 1653 235 1677 morant
260 1644 347 1677 Vell.
369 1652 402 1684 2,
432 1652 510 1675 1¹2.
529 1651 565 1676 et
582 1645 656 1676 Dio
673 1647 729 1683 55,
751 1645 814 1684 34.

169 1700 315 1734 Aeliam
338 1699 524 1746 Petinam]
576 1698 739 1733 Pitiscus
770 1700 874 1733 Sexti
907 1697 999 1731 Aelii
1028 1695 1149 1731 filiam
1177 1696 1287 1739 facit,
1315 1695 1496 1733 Consulis

78 1769 111 1792 a.
135 1757 215 1803 756.
239 1770 327 1792 cum
351 1757 393 1793 C.
415 1756 544 1791 Sentio
566 1756 785 1792 Saturnino.
832 1755 904 1790 Sed
936 1754 972 1789 ei.
995 1755 1126 1790 Catum
1154 1766 1387 1802 cognomen,
1415 1767 1495 1790 non

78 1819 221 1851 Petam.
296 1813 387 1849 Tac.
417 1815 461 1849 A.
491 1823 544 1856 12,
579 1826 611 1848 ι.
647 1813 795 1849 Aeliam
826 1813 997 1848 Petinam
1036 1827 1055 1846 e
1077 1813 1231 1860 familia
1269 1813 1496 1847 Tuberonum

77 1871 195 1907 fuisse
225 1871 342 1914 dicit,
369 1882 412 1907 ut
438 1870 530 1907 adeo
555 1874 597 1919 Q.
616 1874 715 1906 Aelii
738 1873 951 1912 Tuberonis,
980 1869 1159 1905 Consulis
1191 1882 1222 1905 a.
1238 1874 1347 1915 743„
1374 1868 1496 1906 filiam

80 1928 311 1965 existimem.

175 1989 335 2022 Barbati
353 1987 561 2026 Messalae,
587 1987 793 2022 consobrini
808 1988 884 2028 sul]
932 1984 1096 2020 Diverse
1126 1983 1224 2020 hanc
1246 1984 1429 2021 Messalae
1461 1995 1499 2021 et

84 2045 239 2081 Claudii
272 2045 542 2094 cognationem
573 2044 765 2079 deducunt
790 2043 897 2091 Lips.
929 2042 976 2077 ad
1009 2047 1096 2078 Tac.
1123 2054 1174 2085 u,
1205 2052 1283 2086 37.,
1322 2043 1497 2079 Perizon-

83 2116 142 2152 ep.
170 2103 216 2138 ad
246 2103 331 2139 Nic.
353 2102 485 2137 Heins.
518 2101 696 2145 (Collect.
716 2102 849 2137 Burm.
880 2102 924 2136 T.
944 2101 1011 2139 IV.
1044 2100 1210 2147 P·80¹·)
1244 2112 1279 2136 et
1300 2098 1418 2148 Ryck.
1453 2099 1500 2136 ad

88 2165 177 2197 Tac.
196 2159 222 2197 l.
244 2173 276 2197 c.
299 2173 465 2209 quorum
486 2160 650 2195 rationes
678 2157 963 2201 transscribere,
987 2157 1139 2205 longius
1175 2158 1286 2194 foret.
1335 2159 1411 2194 Hic
1441 2158 1499 2194 M.

85 2217 259 2257 Valerius
279 2216 438 2254 Messala
458 2214 646 2252 Barbatus
668 2215 813 2252 Consul
832 2215 953 2251 fuerat
971 2228 1060 2251 cum
1085 2218 1125 2251 P.
1145 2215 1316 2265 Sulpicio
1333 2216 1499 2263 Quirino

86 2288 120 2311 a.
147 2283 228 2320 742.
253 2289 294 2311 v.
319 2278 519 2321 Glandorp.
544 2287 582 2322 p.
602 2274 683 2318 867.

179 2346 286 2379 super
314 2343 434 2367 cetera
453 2336 612 2382 flagitia
635 2345 674 2365 a.
709 2333 900 2373 dedecora]
949 2334 1023 2367 1)ιό
1043 2331 1099 2374 60,
1134 2330 1188 2366 18.
1218 2331 1432 2367 Μεσσαλίνα
1463 2328 1500 2365 δὲ

88 2390 123 2427 ἐν
143 2392 261 2436 τούτῳ
285 2389 376 2435 αὐτὴ
397 2406 436 2426 τε
456 2391 668 2437 ἠσέλγαινε,
696 2388 756 2424 καὶ
788 2390 852 2431 τὰς
883 2388 996 2432 ἄλλοις
1023 2391 1199 2435 ’γυναῖκας
1229 2388 1499 2424 ἀκολασταίνειν

91 2450 220 2494 ὅμοίως
240 2448 443 2494 ἠνάγκαζε·
471 2448 531 2484 καὶ
553 2448 688 2490 πολλάς
709 2460 755 2493 ’γε
775 2447 832 2481 καὶ
851 2446 884 2481 ἐν
905 2445 1003 2492 αὐτῷ’
1031 2447 1083 2492 w}
1111 2448 1289 2492 Παλατίῳ
1304 2471 1314 2485 ,
1344 2449 1411 2479 τῶν
1445 2445 1502 2479 ἀν-

91 2509 182 2554 δρῶν
213 2508 395 2553 παρόντων
429 2505 489 2541 καὶ
521 2506 701 2554 ὁρώντων,
741 2504 978 2550 μοιχεόεσθαι
1010 2504 1131 2539 ἐποίει.
1169 2504 1228 2539 καὶ
1261 2503 1407 2544 ἐκείνους
1437 2501 1501 2545 μὲν

92 2565 154 2601 καὶ
178 2564 292 2608 ἐφίλει
315 2563 373 2599 καὶ
399 2564 548 2609 ἠγάπα,
570 2565 691 2608 τιμαῖς
710 2576 748 2598 τε
769 2562 828 2598 καὶ
858 2562 992 2608 ἀρχαῖς
1013 2561 1174 2607 ἧὙαλλε’
1199 2561 1280 2602 τοὺς
1312 2558 1341 2593 δ’
1369 2558 1502 2603 ἄλλους

93 2623 175 2666 τοὺς
192 2622 241 2668 μὴ
263 2621 524 2668 συγκαθιέντας
547 2624 643 2664 σφᾶς
664 2621 695 2664 ἐς
713 2625 840 2660 τοῦτο,
871 2621 931 2656 καὶ
954 2620 1065 2666 ἐμίσει
1086 2621 1145 2656 καὶ
1171 2619 1350 2654 ἀπώλλυε.

192 2683 228 2714 C.
250 2681 341 2714 Silio
367 2682 479 2713 etiam
509 2681 685 2726 nupsisse]
720 2691 758 2713 v.
779 2681 891 2713 Dion.
921 2690 951 2713 c.
970 2687 1028 2722 31.
1055 2688 1092 2713 et
1119 2682 1206 2712 Tac.
1230 2688 1283 2716 ιι,
1314 2673 1371 2709 26.
1400 2685 1502 2720 sequ.

97 2737 204 2782 „Nec
223 2735 320 2772 ultra
342 2745 566 2784 exspectato,
595 2748 708 2783 quarn
730 2735 822 2770 dum
841 2733 1016 2771 saciificii
1033 2733 1151 2782 gratia
1163 2730 1507 2768 Claudiusostiam

97 2793 422 2844 proficisceretur,
450 2803 583 2828 cuncta
601 2793 823 2842 nuptialum
844 2791 1045 2829 sollemnia
1062 2788 1232 2825 celebrat.
1281 2787 1395 2825 Haud
1420 2801 1508 2824 sum

97 2851 282 2901 ignarus,
308 2850 528 2888 fabulosum
545 2850 676 2889 visum
695 2851 774 2896 iri,
804 2860 952 2887 tantum
978 2846 1067 2886 ullis
1088 2845 1312 2884 mortalium
1338 2846 1513 2884 securita-
