<?xml version="1.0" encoding="UTF-8"?>
<!DOCTYPE html PUBLIC "-//W3C//DTD XHTML 1.0 Transitional//EN"
    "http://www.w3.org/TR/xhtml1/DTD/xhtml1-transitional.dtd">
<html xmlns="http://www.w3.org/1999/xhtml" xml:lang="en" lang="en">
 <head>
  <title>
</title>
<meta http-equiv="Content-Type" content="text/html;charset=utf-8" />
  <meta name='ocr-system' content='tesseract 3.04.00' />
  <meta name='ocr-capabilities' content='ocr_page ocr_carea ocr_par ocr_line ocrx_word'/>
</head>
<body>
  <div class='ocr_page' id='page_1' title='image "./operatextuadprae02suetuoft/operatextuadprae02suetuoft_0309.png"; bbox 0 0 1859 3278; ppageno 0'>
   <div class='ocr_carea' id='block_1_1' title="bbox 395 136 1456 181">
    <p class='ocr_par' dir='ltr' id='par_1_1' title="bbox 395 136 1456 181">
     <span class='ocr_line' id='line_1_1' title="bbox 395 136 1456 181; baseline 0.008 -9"><span class='ocrx_word' id='word_1_1' title='bbox 395 138 1098 178; x_wconf 67' lang='lat' dir='ltr'>VESPAS1ANUs.</span> <span class='ocrx_word' id='word_1_2' title='bbox 1359 136 1456 181; x_wconf 81' lang='lat'>303</span> 
     </span>
    </p>
   </div>
   <div class='ocr_carea' id='block_1_2' title="bbox 53 247 1464 547">
    <p class='ocr_par' dir='ltr' id='par_1_2' title="bbox 53 247 1464 547">
     <span class='ocr_line' id='line_1_2' title="bbox 190 247 1350 327; baseline 0.009 -25"><span class='ocrx_word' id='word_1_3' title='bbox 190 247 370 319; x_wconf 62' lang='grc' dir='ltr'><strong><em>Μακραὶ</em></strong></span> <span class='ocrx_word' id='word_1_4' title='bbox 408 249 591 315; x_wconf 65' lang='grc' dir='ltr'>βιβάς,</span> <span class='ocrx_word' id='word_1_5' title='bbox 625 247 835 324; x_wconf 62' lang='grc' dir='ltr'>κραδάων</span> <span class='ocrx_word' id='word_1_6' title='bbox 868 252 1146 323; x_wconf 62' lang='grc' dir='ltr'>δολιχὲσκιον</span> <span class='ocrx_word' id='word_1_7' title='bbox 1181 259 1350 327; x_wconf 72' lang='grc' dir='ltr'><strong><em>ἔγχος·</em></strong></span> 
     </span>
     <span class='ocr_line' id='line_1_3' title="bbox 53 336 1462 397; baseline 0.005 -14"><span class='ocrx_word' id='word_1_8' title='bbox 53 347 102 384; x_wconf 80' lang='lat' dir='ltr'>et.</span> <span class='ocrx_word' id='word_1_9' title='bbox 136 338 193 382; x_wconf 89' lang='lat' dir='ltr'>de</span> <span class='ocrx_word' id='word_1_10' title='bbox 219 336 395 380; x_wconf 85' lang='lat' dir='ltr'>Cerulo</span> <span class='ocrx_word' id='word_1_11' title='bbox 419 336 620 396; x_wconf 79' lang='lat' dir='ltr'>liberto,</span> <span class='ocrx_word' id='word_1_12' title='bbox 657 338 736 397; x_wconf 88' lang='lat' dir='ltr'>qui</span> <span class='ocrx_word' id='word_1_13' title='bbox 770 339 896 384; x_wconf 81' lang='lat' dir='ltr'>dives</span> <span class='ocrx_word' id='word_1_14' title='bbox 922 343 1171 388; x_wconf 78' lang='lat' dir='ltr'>admodum</span> <span class='ocrx_word' id='word_1_15' title='bbox 1199 345 1257 388; x_wconf 93' lang='lat' dir='ltr'>ob</span> <span class='ocrx_word' id='word_1_16' title='bbox 1283 346 1462 391; x_wconf 81' lang='lat' dir='ltr'>subter-</span> 
     </span>
     <span class='ocr_line' id='line_1_4' title="bbox 53 407 1464 471; baseline 0.005 -19"><span class='ocrx_word' id='word_1_17' title='bbox 53 407 327 467; x_wconf 82' lang='lat' dir='ltr'>fugiendum</span> <span class='ocrx_word' id='word_1_18' title='bbox 352 408 632 466; x_wconf 81' lang='lat' dir='ltr'>quandoque</span> <span class='ocrx_word' id='word_1_19' title='bbox 652 410 728 469; x_wconf 89' lang='lat' dir='ltr'>jus</span> <span class='ocrx_word' id='word_1_20' title='bbox 761 409 892 467; x_wconf 83' lang='lat' dir='ltr'>fisci,</span> <span class='ocrx_word' id='word_1_21' title='bbox 928 411 1181 471; x_wconf 81' lang='lat' dir='ltr'>ingenuum</span> <span class='ocrx_word' id='word_1_22' title='bbox 1212 431 1259 458; x_wconf 89' lang='lat' dir='ltr'>se</span> <span class='ocrx_word' id='word_1_23' title='bbox 1297 424 1341 458; x_wconf 86' lang='lat' dir='ltr'>et</span> <span class='ocrx_word' id='word_1_24' title='bbox 1369 417 1464 460; x_wconf 79' lang='lat' dir='ltr'>La·</span> 
     </span>
     <span class='ocr_line' id='line_1_5' title="bbox 55 477 1462 547; baseline 0.002 -24"><span class='ocrx_word' id='word_1_25' title='bbox 55 479 237 522; x_wconf 85' lang='lat' dir='ltr'>chetem</span> <span class='ocrx_word' id='word_1_26' title='bbox 277 484 459 521; x_wconf 86' lang='lat' dir='ltr'>mutato</span> <span class='ocrx_word' id='word_1_27' title='bbox 502 479 693 523; x_wconf 88' lang='lat' dir='ltr'>nomine</span> <span class='ocrx_word' id='word_1_28' title='bbox 743 491 964 540; x_wconf 79' lang='lat' dir='ltr'>coeperat</span> <span class='ocrx_word' id='word_1_29' title='bbox 1001 483 1153 542; x_wconf 82' lang='lat' dir='ltr'>ferre,</span> <span class='ocrx_word' id='word_1_30' title='bbox 1210 478 1243 533; x_wconf 66' lang='grc' dir='ltr'><em>ὦ</em></span> <span class='ocrx_word' id='word_1_31' title='bbox 1271 477 1462 547; x_wconf 64' lang='grc' dir='ltr'>Λάχης,</span> 
     </span>
    </p>
   </div>
   <div class='ocr_carea' id='block_1_3' title="bbox 49 540 1467 824">
    <p class='ocr_par' dir='ltr' id='par_1_3' title="bbox 49 540 1467 824">
     <span class='ocr_line' id='line_1_6' title="bbox 51 540 1466 620; baseline 0.007 -25"><span class='ocrx_word' id='word_1_32' title='bbox 51 543 256 610; x_wconf 68' lang='grc' dir='ltr'><strong><em>Λάχης,</em></strong></span> <span class='ocrx_word' id='word_1_33' title='bbox 289 540 412 596; x_wconf 75' lang='grc' dir='ltr'><em>ἔποὶν</em></span> <span class='ocrx_word' id='word_1_34' title='bbox 445 543 719 610; x_wconf 70' lang='grc' dir='ltr'><em>οἱποθοένης,</em></span> <span class='ocrx_word' id='word_1_35' title='bbox 754 540 897 600; x_wconf 69' lang='grc' dir='ltr'><em>αὖθις</em></span> <span class='ocrx_word' id='word_1_36' title='bbox 920 548 1130 618; x_wconf 50' lang='lat' dir='ltr'>{gaggis</span> <span class='ocrx_word' id='word_1_37' title='bbox 1153 551 1230 614; x_wconf 74' lang='grc' dir='ltr'>ἔσῃ</span> <span class='ocrx_word' id='word_1_38' title='bbox 1251 549 1466 620; x_wconf 70' lang='grc' dir='ltr'>Κήςυλος.</span> 
     </span>
     <span class='ocr_line' id='line_1_7' title="bbox 50 617 1464 669; baseline 0.006 -9"><span class='ocrx_word' id='word_1_39' title='bbox 50 617 268 664; x_wconf 78' lang='lat' dir='ltr'>Maxime</span> <span class='ocrx_word' id='word_1_40' title='bbox 293 625 449 661; x_wconf 86' lang='lat' dir='ltr'>tamen</span> <span class='ocrx_word' id='word_1_41' title='bbox 484 619 780 664; x_wconf 76' lang='lat' dir='ltr'><strong>dicacitatem</strong></span> <span class='ocrx_word' id='word_1_42' title='bbox 812 621 1053 668; x_wconf 80' lang='lat' dir='ltr'>affectabat</span> <span class='ocrx_word' id='word_1_43' title='bbox 1082 625 1131 668; x_wconf 86' lang='lat' dir='ltr'>in</span> <span class='ocrx_word' id='word_1_44' title='bbox 1174 624 1464 669; x_wconf 83' lang='lat' dir='ltr'>deformibus</span> 
     </span>
     <span class='ocr_line' id='line_1_8' title="bbox 49 686 1467 752; baseline 0.007 -22"><span class='ocrx_word' id='word_1_45' title='bbox 49 687 214 745; x_wconf 84' lang='lat' dir='ltr'>lucris,</span> <span class='ocrx_word' id='word_1_46' title='bbox 251 695 305 731; x_wconf 89' lang='lat' dir='ltr'>ut</span> <span class='ocrx_word' id='word_1_47' title='bbox 327 686 554 732; x_wconf 76' lang='lat' dir='ltr'>invidiam</span> <span class='ocrx_word' id='word_1_48' title='bbox 581 688 737 747; x_wconf 85' lang='lat' dir='ltr'>aliqua</span> <span class='ocrx_word' id='word_1_49' title='bbox 759 691 1057 737; x_wconf 81' lang='lat' dir='ltr'>cavillatione</span> <span class='ocrx_word' id='word_1_50' title='bbox 1082 695 1295 752; x_wconf 80' lang='lat' dir='ltr'>dilueret,</span> <span class='ocrx_word' id='word_1_51' title='bbox 1316 703 1467 739; x_wconf 83' lang='lat' dir='ltr'>trans-</span> 
     </span>
     <span class='ocr_line' id='line_1_9' title="bbox 51 756 1465 824; baseline 0.006 -22"><span class='ocrx_word' id='word_1_52' title='bbox 51 756 287 815; x_wconf 76' lang='lat' dir='ltr'>ferretque</span> <span class='ocrx_word' id='word_1_53' title='bbox 309 756 368 799; x_wconf 79' lang='lat' dir='ltr'>ad</span> <span class='ocrx_word' id='word_1_54' title='bbox 390 757 518 804; x_wconf 87' lang='lat' dir='ltr'>sales.</span> <span class='ocrx_word' id='word_1_55' title='bbox 592 758 834 814; x_wconf 80' lang='lat' dir='ltr'>Quendam</span> <span class='ocrx_word' id='word_1_56' title='bbox 873 777 896 805; x_wconf 85' lang='lat' dir='ltr'>e</span> <span class='ocrx_word' id='word_1_57' title='bbox 933 764 1049 807; x_wconf 83' lang='lat' dir='ltr'>caris</span> <span class='ocrx_word' id='word_1_58' title='bbox 1079 764 1332 824; x_wconf 82' lang='lat' dir='ltr'>ministris,</span> <span class='ocrx_word' id='word_1_59' title='bbox 1371 765 1465 810; x_wconf 88' lang='lat' dir='ltr'>dis·</span> 
     </span>
    </p>
   </div>
   <div class='ocr_carea' id='block_1_4' title="bbox 55 827 1467 963">
    <p class='ocr_par' dir='ltr' id='par_1_4' title="bbox 55 827 1467 963">
     <span class='ocr_line' id='line_1_10' title="bbox 57 827 1467 894; baseline 0.007 -23"><span class='ocrx_word' id='word_1_60' title='bbox 57 828 380 888; x_wconf 84' lang='lat' dir='ltr'>pensationem</span> <span class='ocrx_word' id='word_1_61' title='bbox 421 827 630 886; x_wconf 84' lang='lat' dir='ltr'>cuidam,</span> <span class='ocrx_word' id='word_1_62' title='bbox 681 829 812 887; x_wconf 83' lang='lat' dir='ltr'>quasi</span> <span class='ocrx_word' id='word_1_63' title='bbox 845 830 1008 891; x_wconf 82' lang='lat' dir='ltr'>fratri,</span> <span class='ocrx_word' id='word_1_64' title='bbox 1049 844 1284 893; x_wconf 88' lang='lat' dir='ltr'>petentem</span> <span class='ocrx_word' id='word_1_65' title='bbox 1322 850 1467 894; x_wconf 87' lang='lat' dir='ltr'>quum</span> 
     </span>
     <span class='ocr_line' id='line_1_11' title="bbox 55 895 1467 963; baseline 0.007 -22"><span class='ocrx_word' id='word_1_66' title='bbox 55 896 334 950; x_wconf 75' lang='lat' dir='ltr'>distulisset,</span> <span class='ocrx_word' id='word_1_67' title='bbox 364 895 520 956; x_wconf 87' lang='lat' dir='ltr'>ipsum</span> <span class='ocrx_word' id='word_1_68' title='bbox 543 899 843 943; x_wconf 78' lang='lat' dir='ltr'>candidatum</span> <span class='ocrx_word' id='word_1_69' title='bbox 869 902 926 945; x_wconf 82' lang='lat' dir='ltr'>ad</span> <span class='ocrx_word' id='word_1_70' title='bbox 945 919 992 946; x_wconf 89' lang='lat' dir='ltr'>se</span> <span class='ocrx_word' id='word_1_71' title='bbox 1022 905 1236 963; x_wconf 78' lang='lat' dir='ltr'>vocavit3</span> <span class='ocrx_word' id='word_1_72' title='bbox 1277 915 1467 951; x_wconf 82' lang='lat' dir='ltr'>exacta-</span> 
     </span>
    </p>
   </div>
   <div class='ocr_carea' id='block_1_5' title="bbox 55 964 1473 1315">
    <p class='ocr_par' dir='ltr' id='par_1_5' title="bbox 55 964 1473 1315">
     <span class='ocr_line' id='line_1_12' title="bbox 57 964 1471 1037; baseline 0.008 -27"><span class='ocrx_word' id='word_1_73' title='bbox 57 982 146 1028; x_wconf 89' lang='lat' dir='ltr'>que</span> <span class='ocrx_word' id='word_1_74' title='bbox 169 964 396 1026; x_wconf 83' lang='lat' dir='ltr'>pecunia‚</span> <span class='ocrx_word' id='word_1_75' title='bbox 435 977 657 1024; x_wconf 84' lang='lat' dir='ltr'>quantam</span> <span class='ocrx_word' id='word_1_76' title='bbox 682 968 721 1011; x_wconf 93' lang='lat' dir='ltr'>is</span> <span class='ocrx_word' id='word_1_77' title='bbox 746 985 851 1014; x_wconf 88' lang='lat' dir='ltr'>cum</span> <span class='ocrx_word' id='word_1_78' title='bbox 875 972 1178 1032; x_wconf 81' lang='lat' dir='ltr'>suffragatore</span> <span class='ocrx_word' id='word_1_79' title='bbox 1210 991 1294 1019; x_wconf 89' lang='lat' dir='ltr'>suo</span> <span class='ocrx_word' id='word_1_80' title='bbox 1333 976 1471 1037; x_wconf 83' lang='lat' dir='ltr'>pepi-</span> 
     </span>
     <span class='ocr_line' id='line_1_13' title="bbox 56 1036 1473 1102; baseline 0.008 -23"><span class='ocrx_word' id='word_1_81' title='bbox 56 1045 222 1096; x_wconf 80' lang='lat' dir='ltr'>gerat,</span> <span class='ocrx_word' id='word_1_82' title='bbox 256 1036 356 1078; x_wconf 88' lang='lat' dir='ltr'>sine</span> <span class='ocrx_word' id='word_1_83' title='bbox 375 1052 508 1081; x_wconf 87' lang='lat' dir='ltr'>mora</span> <span class='ocrx_word' id='word_1_84' title='bbox 530 1037 780 1083; x_wconf 80' lang='lat' dir='ltr'>ordinavit.</span> <span class='ocrx_word' id='word_1_85' title='bbox 843 1039 1169 1102; x_wconf 80' lang='lat' dir='ltr'>Interpellanti</span> <span class='ocrx_word' id='word_1_86' title='bbox 1192 1060 1310 1088; x_wconf 84' lang='lat' dir='ltr'>mox</span> <span class='ocrx_word' id='word_1_87' title='bbox 1330 1046 1473 1090; x_wconf 84' lang='lat' dir='ltr'>mini-</span> 
     </span>
     <span class='ocr_line' id='line_1_14' title="bbox 55 1104 1473 1175; baseline 0.006 -23"><span class='ocrx_word' id='word_1_88' title='bbox 55 1116 183 1163; x_wconf 84' lang='lat' dir='ltr'>stro,</span> <span class='ocrx_word' id='word_1_89' title='bbox 224 1104 394 1150; x_wconf 74' lang='lat' dir='ltr'>Aliam</span> <span class='ocrx_word' id='word_1_90' title='bbox 428 1105 549 1163; x_wconf 73' lang='lat' dir='ltr'>tibi,</span> <span class='ocrx_word' id='word_1_91' title='bbox 586 1108 673 1166; x_wconf 86' lang='lat' dir='ltr'>ait,</span> <span class='ocrx_word' id='word_1_92' title='bbox 712 1125 885 1168; x_wconf 78' lang='lat' dir='ltr'>qaaere</span> <span class='ocrx_word' id='word_1_93' title='bbox 901 1110 1139 1170; x_wconf 81' lang='lat' dir='ltr'>fratrem:</span> <span class='ocrx_word' id='word_1_94' title='bbox 1189 1115 1294 1169; x_wconf 74' lang='lat' dir='ltr'>hic,</span> <span class='ocrx_word' id='word_1_95' title='bbox 1331 1132 1473 1175; x_wconf 82' lang='lat' dir='ltr'>quem</span> 
     </span>
     <span class='ocr_line' id='line_1_15' title="bbox 57 1180 1472 1245; baseline 0.006 -23"><span class='ocrx_word' id='word_1_96' title='bbox 57 1185 202 1222; x_wconf 79' lang='lat' dir='ltr'>tuum</span> <span class='ocrx_word' id='word_1_97' title='bbox 220 1184 400 1236; x_wconf 79' lang='lat' dir='ltr'>puta-5,</span> <span class='ocrx_word' id='word_1_98' title='bbox 440 1193 573 1222; x_wconf 78' lang='lat' dir='ltr'>meus</span> <span class='ocrx_word' id='word_1_99' title='bbox 608 1186 692 1224; x_wconf 77' lang='lat' dir='ltr'>est.</span> <span class='ocrx_word' id='word_1_100' title='bbox 764 1180 1031 1227; x_wconf 88' lang='lat' dir='ltr'>Mulionem</span> <span class='ocrx_word' id='word_1_101' title='bbox 1068 1183 1118 1228; x_wconf 88' lang='lat' dir='ltr'>in</span> <span class='ocrx_word' id='word_1_102' title='bbox 1155 1183 1323 1229; x_wconf 80' lang='lat' dir='ltr'>itinere</span> <span class='ocrx_word' id='word_1_103' title='bbox 1358 1202 1472 1245; x_wconf 89' lang='lat' dir='ltr'>quo-</span> 
     </span>
     <span class='ocr_line' id='line_1_16' title="bbox 57 1245 1473 1315; baseline 0.007 -23"><span class='ocrx_word' id='word_1_104' title='bbox 57 1249 166 1293; x_wconf 85' lang='lat' dir='ltr'>dam</span> <span class='ocrx_word' id='word_1_105' title='bbox 192 1245 453 1307; x_wconf 74' lang='lat' dir='ltr'>suspicatus</span> <span class='ocrx_word' id='word_1_106' title='bbox 477 1248 536 1293; x_wconf 79' lang='lat' dir='ltr'>ad</span> <span class='ocrx_word' id='word_1_107' title='bbox 560 1248 819 1294; x_wconf 80' lang='lat' dir='ltr'>calciandas</span> <span class='ocrx_word' id='word_1_108' title='bbox 841 1253 991 1298; x_wconf 78' lang='lat' dir='ltr'>mulas</span> <span class='ocrx_word' id='word_1_109' title='bbox 1019 1253 1257 1299; x_wconf 85' lang='lat' dir='ltr'>desiluisse</span> <span class='ocrx_word' id='word_1_110' title='bbox 1272 1287 1287 1315; x_wconf 79' lang='lat'>,</span> <span class='ocrx_word' id='word_1_111' title='bbox 1316 1264 1368 1300; x_wconf 91' lang='lat' dir='ltr'>ut</span> <span class='ocrx_word' id='word_1_112' title='bbox 1392 1257 1473 1302; x_wconf 80' lang='lat' dir='ltr'>ad·</span> 
     </span>
    </p>
   </div>
   <div class='ocr_carea' id='block_1_6' title="bbox 58 1389 1494 2761">
    <p class='ocr_par' dir='ltr' id='par_1_6' title="bbox 58 1389 1478 1502">
     <span class='ocr_line' id='line_1_17' title="bbox 58 1389 1478 1442; baseline 0.009 -16"><span class='ocrx_word' id='word_1_113' title='bbox 58 1389 110 1427; x_wconf 70' lang='lat' dir='ltr'>ba</span> <span class='ocrx_word' id='word_1_114' title='bbox 130 1403 160 1427; x_wconf 74' lang='lat' dir='ltr'>s.</span> <span class='ocrx_word' id='word_1_115' title='bbox 178 1403 317 1441; x_wconf 77' lang='lat' dir='ltr'>magna</span> <span class='ocrx_word' id='word_1_116' title='bbox 346 1397 436 1425; x_wconf 76' lang='lat' dir='ltr'>erat.</span> <span class='ocrx_word' id='word_1_117' title='bbox 487 1389 564 1428; x_wconf 85' lang='lat' dir='ltr'>Hie</span> <span class='ocrx_word' id='word_1_118' title='bbox 593 1402 721 1431; x_wconf 75' lang='lat' dir='ltr'>sensus</span> <span class='ocrx_word' id='word_1_119' title='bbox 747 1395 863 1434; x_wconf 79' lang='lat' dir='ltr'>unice</span> <span class='ocrx_word' id='word_1_120' title='bbox 892 1409 1017 1435; x_wconf 71' lang='lat' dir='ltr'>verus.</span> <span class='ocrx_word' id='word_1_121' title='bbox 1046 1409 1085 1436; x_wconf 74' lang='lat' dir='ltr'>v.</span> <span class='ocrx_word' id='word_1_122' title='bbox 1110 1397 1233 1440; x_wconf 85' lang='lat' dir='ltr'>Wolf.</span> <span class='ocrx_word' id='word_1_123' title='bbox 1254 1417 1302 1427; x_wconf 91' lang='lat'><strong>—</strong></span> <span class='ocrx_word' id='word_1_124' title='bbox 1348 1402 1478 1442; x_wconf 81' lang='lat' dir='ltr'>Vanae</span> 
     </span>
     <span class='ocr_line' id='line_1_18' title="bbox 58 1447 1396 1502; baseline 0.01 -20"><span class='ocrx_word' id='word_1_125' title='bbox 58 1458 149 1485; x_wconf 70' lang='lat' dir='ltr'>sunt</span> <span class='ocrx_word' id='word_1_126' title='bbox 172 1447 473 1484; x_wconf 57' lang='lat' dir='ltr'>meridiationes:</span> <span class='ocrx_word' id='word_1_127' title='bbox 501 1453 617 1493; x_wconf 83' lang='lat' dir='ltr'>irato,</span> <span class='ocrx_word' id='word_1_128' title='bbox 635 1456 794 1500; x_wconf 84' lang='lat' dir='ltr'>pedato,</span> <span class='ocrx_word' id='word_1_129' title='bbox 826 1466 974 1499; x_wconf 76' lang='lat' dir='ltr'>vasato,</span> <span class='ocrx_word' id='word_1_130' title='bbox 999 1462 1223 1502; x_wconf 69' lang='lat' dir='ltr'>tantoniam,</span> <span class='ocrx_word' id='word_1_131' title='bbox 1250 1468 1396 1497; x_wconf 72' lang='lat' dir='ltr'>nasute.</span> 
     </span>
    </p>

    <p class='ocr_par' dir='ltr' id='par_1_7' title="bbox 153 1499 1232 1562">
     <span class='ocr_line' id='line_1_19' title="bbox 153 1499 1232 1562; baseline 0.01 -21"><span class='ocrx_word' id='word_1_132' title='bbox 153 1505 293 1552; x_wconf 73' lang='grc' dir='ltr'>Μακρὰ</span> <span class='ocrx_word' id='word_1_133' title='bbox 315 1499 437 1552; x_wconf 75' lang='grc' dir='ltr'><strong>βιβάς]</strong></span> <span class='ocrx_word' id='word_1_134' title='bbox 484 1507 625 1547; x_wconf 82' lang='lat' dir='ltr'>Versus</span> <span class='ocrx_word' id='word_1_135' title='bbox 650 1515 802 1548; x_wconf 84' lang='lat' dir='ltr'>Homeri</span> <span class='ocrx_word' id='word_1_136' title='bbox 819 1513 863 1550; x_wconf 87' lang='lat'>11.</span> <span class='ocrx_word' id='word_1_137' title='bbox 887 1524 920 1559; x_wconf 89' lang='lat'>7,</span> <span class='ocrx_word' id='word_1_138' title='bbox 941 1523 1019 1559; x_wconf 82' lang='lat'>215.</span> <span class='ocrx_word' id='word_1_139' title='bbox 1044 1515 1088 1550; x_wconf 89' lang='lat' dir='ltr'>de</span> <span class='ocrx_word' id='word_1_140' title='bbox 1105 1516 1232 1562; x_wconf 80' lang='lat' dir='ltr'>Ajace.</span> 
     </span>
    </p>

    <p class='ocr_par' dir='ltr' id='par_1_8' title="bbox 62 1565 1494 2761">
     <span class='ocr_line' id='line_1_20' title="bbox 160 1565 1482 1622; baseline 0.008 -22"><span class='ocrx_word' id='word_1_141' title='bbox 160 1567 202 1600; x_wconf 75' lang='lat' dir='ltr'>de</span> <span class='ocrx_word' id='word_1_142' title='bbox 236 1565 360 1600; x_wconf 84' lang='lat' dir='ltr'>Cerulo</span> <span class='ocrx_word' id='word_1_143' title='bbox 390 1565 536 1610; x_wconf 79' lang='lat' dir='ltr'>liberto]</span> <span class='ocrx_word' id='word_1_144' title='bbox 587 1567 762 1619; x_wconf 84' lang='lat' dir='ltr'>Corrigit</span> <span class='ocrx_word' id='word_1_145' title='bbox 791 1573 939 1608; x_wconf 87' lang='lat' dir='ltr'>Ernest.</span> <span class='ocrx_word' id='word_1_146' title='bbox 967 1574 1154 1615; x_wconf 73' lang='lat' dir='ltr'>libertino,</span> <span class='ocrx_word' id='word_1_147' title='bbox 1190 1574 1373 1622; x_wconf 85' lang='lat' dir='ltr'>quoniam</span> <span class='ocrx_word' id='word_1_148' title='bbox 1399 1587 1482 1612; x_wconf 83' lang='lat' dir='ltr'>non</span> 
     </span>
     <span class='ocr_line' id='line_1_21' title="bbox 65 1620 1486 1672; baseline 0.008 -14"><span class='ocrx_word' id='word_1_149' title='bbox 65 1620 247 1658; x_wconf 77' lang='lat' dir='ltr'>credibile</span> <span class='ocrx_word' id='word_1_150' title='bbox 263 1621 451 1665; x_wconf 79' lang='lat' dir='ltr'>videatur,</span> <span class='ocrx_word' id='word_1_151' title='bbox 478 1624 701 1672; x_wconf 75' lang='lat' dir='ltr'>Vespasiani</span> <span class='ocrx_word' id='word_1_152' title='bbox 719 1627 902 1664; x_wconf 86' lang='lat' dir='ltr'>libertum</span> <span class='ocrx_word' id='word_1_153' title='bbox 923 1629 1041 1665; x_wconf 83' lang='lat' dir='ltr'>fuisse</span> <span class='ocrx_word' id='word_1_154' title='bbox 1051 1631 1248 1668; x_wconf 90' lang='lat' dir='ltr'>Cerulum.</span> <span class='ocrx_word' id='word_1_155' title='bbox 1300 1635 1486 1671; x_wconf 69' lang='lat' dir='ltr'>IValtlzer.</span> 
     </span>
     <span class='ocr_line' id='line_1_22' title="bbox 66 1679 1484 1735; baseline 0.011 -21"><span class='ocrx_word' id='word_1_156' title='bbox 66 1679 230 1717; x_wconf 77' lang='lat' dir='ltr'>Observ.</span> <span class='ocrx_word' id='word_1_157' title='bbox 250 1693 288 1728; x_wconf 86' lang='lat' dir='ltr'>p.</span> <span class='ocrx_word' id='word_1_158' title='bbox 308 1688 366 1724; x_wconf 77' lang='lat'>50.</span> <span class='ocrx_word' id='word_1_159' title='bbox 399 1689 524 1716; x_wconf 86' lang='lat' dir='ltr'>totum</span> <span class='ocrx_word' id='word_1_160' title='bbox 554 1681 779 1727; x_wconf 75' lang='lat' dir='ltr'>discrimen,</span> <span class='ocrx_word' id='word_1_161' title='bbox 814 1686 921 1735; x_wconf 84' lang='lat' dir='ltr'>quod</span> <span class='ocrx_word' id='word_1_162' title='bbox 948 1697 1117 1724; x_wconf 81' lang='lat' dir='ltr'>statuunt</span> <span class='ocrx_word' id='word_1_163' title='bbox 1142 1689 1243 1726; x_wconf 89' lang='lat' dir='ltr'>inter</span> <span class='ocrx_word' id='word_1_164' title='bbox 1270 1692 1484 1729; x_wconf 76' lang='lat' dir='ltr'>libertinam</span> 
     </span>
     <span class='ocr_line' id='line_1_23' title="bbox 66 1738 1482 1796; baseline 0.011 -25"><span class='ocrx_word' id='word_1_165' title='bbox 66 1746 104 1772; x_wconf 84' lang='lat' dir='ltr'>et</span> <span class='ocrx_word' id='word_1_166' title='bbox 121 1738 290 1773; x_wconf 82' lang='lat' dir='ltr'>libertum</span> <span class='ocrx_word' id='word_1_167' title='bbox 309 1749 480 1787; x_wconf 80' lang='lat' dir='ltr'>respectu</span> <span class='ocrx_word' id='word_1_168' title='bbox 502 1738 678 1785; x_wconf 83' lang='lat' dir='ltr'>domini,</span> <span class='ocrx_word' id='word_1_169' title='bbox 707 1753 813 1778; x_wconf 84' lang='lat' dir='ltr'>acute</span> <span class='ocrx_word' id='word_1_170' title='bbox 831 1743 988 1791; x_wconf 85' lang='lat' dir='ltr'>quidem</span> <span class='ocrx_word' id='word_1_171' title='bbox 1007 1746 1227 1796; x_wconf 84' lang='lat' dir='ltr'>impugnat,</span> <span class='ocrx_word' id='word_1_172' title='bbox 1256 1747 1311 1784; x_wconf 79' lang='lat' dir='ltr'>ita</span> <span class='ocrx_word' id='word_1_173' title='bbox 1342 1760 1482 1796; x_wconf 84' lang='lat' dir='ltr'>tamen,</span> 
     </span>
     <span class='ocr_line' id='line_1_24' title="bbox 65 1793 1483 1853; baseline 0.008 -23"><span class='ocrx_word' id='word_1_174' title='bbox 65 1802 111 1830; x_wconf 88' lang='lat' dir='ltr'>ut</span> <span class='ocrx_word' id='word_1_175' title='bbox 130 1806 243 1830; x_wconf 88' lang='lat' dir='ltr'>usum</span> <span class='ocrx_word' id='word_1_176' title='bbox 265 1793 439 1839; x_wconf 81' lang='lat' dir='ltr'>dicendi,</span> <span class='ocrx_word' id='word_1_177' title='bbox 464 1809 484 1831; x_wconf 83' lang='lat' dir='ltr'>a</span> <span class='ocrx_word' id='word_1_178' title='bbox 513 1797 766 1846; x_wconf 77' lang='lat' dir='ltr'>scriptoribus</span> <span class='ocrx_word' id='word_1_179' title='bbox 793 1800 883 1837; x_wconf 74' lang='lat' dir='ltr'>alias</span> <span class='ocrx_word' id='word_1_180' title='bbox 915 1804 1196 1840; x_wconf 73' lang='lat' dir='ltr'>accuratissime</span> <span class='ocrx_word' id='word_1_181' title='bbox 1222 1804 1483 1853; x_wconf 79' lang='lat' dir='ltr'>observatum,</span> 
     </span>
     <span class='ocr_line' id='line_1_25' title="bbox 65 1850 1486 1913; baseline 0.011 -27"><span class='ocrx_word' id='word_1_182' title='bbox 65 1850 241 1887; x_wconf 72' lang='lat' dir='ltr'>evertisse</span> <span class='ocrx_word' id='word_1_183' title='bbox 270 1851 530 1900; x_wconf 75' lang='lat' dir='ltr'>disputatione</span> <span class='ocrx_word' id='word_1_184' title='bbox 554 1868 634 1891; x_wconf 84' lang='lat' dir='ltr'>non</span> <span class='ocrx_word' id='word_1_185' title='bbox 661 1856 850 1894; x_wconf 82' lang='lat' dir='ltr'>videatur.</span> <span class='ocrx_word' id='word_1_186' title='bbox 921 1860 1005 1907; x_wconf 83' lang='lat' dir='ltr'>Ego</span> <span class='ocrx_word' id='word_1_187' title='bbox 1046 1861 1226 1908; x_wconf 82' lang='lat' dir='ltr'>quidem,</span> <span class='ocrx_word' id='word_1_188' title='bbox 1261 1865 1486 1913; x_wconf 77' lang='lat' dir='ltr'>Vespasiani</span> 
     </span>
     <span class='ocr_line' id='line_1_26' title="bbox 67 1907 1487 1964; baseline 0.011 -20"><span class='ocrx_word' id='word_1_189' title='bbox 67 1907 256 1945; x_wconf 82' lang='lat' dir='ltr'>libertum</span> <span class='ocrx_word' id='word_1_190' title='bbox 280 1908 416 1952; x_wconf 78' lang='lat' dir='ltr'>fuisse,</span> <span class='ocrx_word' id='word_1_191' title='bbox 440 1923 659 1959; x_wconf 81' lang='lat' dir='ltr'>persuasum</span> <span class='ocrx_word' id='word_1_192' title='bbox 680 1913 783 1949; x_wconf 82' lang='lat' dir='ltr'>mihi</span> <span class='ocrx_word' id='word_1_193' title='bbox 799 1914 943 1961; x_wconf 82' lang='lat' dir='ltr'>habeo,</span> <span class='ocrx_word' id='word_1_194' title='bbox 973 1917 1082 1964; x_wconf 80' lang='lat' dir='ltr'>cujus</span> <span class='ocrx_word' id='word_1_195' title='bbox 1111 1918 1282 1956; x_wconf 79' lang='lat' dir='ltr'>defuncti</span> <span class='ocrx_word' id='word_1_196' title='bbox 1309 1922 1410 1959; x_wconf 84' lang='lat' dir='ltr'>bona</span> <span class='ocrx_word' id='word_1_197' title='bbox 1440 1933 1487 1959; x_wconf 75' lang='lat' dir='ltr'>ex</span> 
     </span>
     <span class='ocr_line' id='line_1_27' title="bbox 67 1966 1488 2028; baseline 0.012 -28"><span class='ocrx_word' id='word_1_198' title='bbox 67 1977 175 2017; x_wconf 81' lang='lat' dir='ltr'>parte</span> <span class='ocrx_word' id='word_1_199' title='bbox 197 1967 242 2001; x_wconf 84' lang='lat' dir='ltr'>ad</span> <span class='ocrx_word' id='word_1_200' title='bbox 262 1966 394 2003; x_wconf 82' lang='lat' dir='ltr'>fiscum</span> <span class='ocrx_word' id='word_1_201' title='bbox 417 1969 638 2016; x_wconf 72' lang='lat' dir='ltr'>Vespasiani</span> <span class='ocrx_word' id='word_1_202' title='bbox 659 1971 853 2015; x_wconf 82' lang='lat' dir='ltr'>redibant,</span> <span class='ocrx_word' id='word_1_203' title='bbox 880 1984 924 2009; x_wconf 91' lang='lat' dir='ltr'>ut</span> <span class='ocrx_word' id='word_1_204' title='bbox 951 1977 1118 2023; x_wconf 79' lang='lat' dir='ltr'>patroni.</span> <span class='ocrx_word' id='word_1_205' title='bbox 1165 1978 1265 2014; x_wconf 78' lang='lat' dir='ltr'>Nam</span> <span class='ocrx_word' id='word_1_206' title='bbox 1295 1981 1399 2028; x_wconf 84' lang='lat' dir='ltr'>quod</span> <span class='ocrx_word' id='word_1_207' title='bbox 1417 1982 1488 2017; x_wconf 88' lang='lat' dir='ltr'>Er·</span> 
     </span>
     <span class='ocr_line' id='line_1_28' title="bbox 68 2022 1489 2084; baseline 0.01 -23"><span class='ocrx_word' id='word_1_208' title='bbox 68 2035 166 2061; x_wconf 79' lang='lat' dir='ltr'>nest.</span> <span class='ocrx_word' id='word_1_209' title='bbox 195 2022 358 2070; x_wconf 84' lang='lat' dir='ltr'>objicit,</span> <span class='ocrx_word' id='word_1_210' title='bbox 391 2024 543 2060; x_wconf 82' lang='lat' dir='ltr'>nullum</span> <span class='ocrx_word' id='word_1_211' title='bbox 577 2025 638 2062; x_wconf 89' lang='lat' dir='ltr'>ibi</span> <span class='ocrx_word' id='word_1_212' title='bbox 664 2029 726 2075; x_wconf 81' lang='lat' dir='ltr'>jus</span> <span class='ocrx_word' id='word_1_213' title='bbox 755 2028 838 2066; x_wconf 86' lang='lat' dir='ltr'>fisci</span> <span class='ocrx_word' id='word_1_214' title='bbox 864 2031 1006 2077; x_wconf 64' lang='lat' dir='ltr'>tuisse,</span> <span class='ocrx_word' id='word_1_215' title='bbox 1043 2045 1165 2082; x_wconf 87' lang='lat' dir='ltr'>quum</span> <span class='ocrx_word' id='word_1_216' title='bbox 1189 2038 1347 2084; x_wconf 84' lang='lat' dir='ltr'>pecunia</span> <span class='ocrx_word' id='word_1_217' title='bbox 1374 2053 1414 2074; x_wconf 86' lang='lat' dir='ltr'>ea</span> <span class='ocrx_word' id='word_1_218' title='bbox 1439 2038 1489 2075; x_wconf 79' lang='lat' dir='ltr'>ad</span> 
     </span>
     <span class='ocr_line' id='line_1_29' title="bbox 69 2081 1490 2144; baseline 0.013 -29"><span class='ocrx_word' id='word_1_219' title='bbox 69 2081 350 2130; x_wconf 76' lang='lat' dir='ltr'>Vespasianum</span> <span class='ocrx_word' id='word_1_220' title='bbox 384 2093 427 2118; x_wconf 86' lang='lat' dir='ltr'>ut</span> <span class='ocrx_word' id='word_1_221' title='bbox 461 2095 689 2132; x_wconf 85' lang='lat' dir='ltr'>patronum,</span> <span class='ocrx_word' id='word_1_222' title='bbox 725 2099 804 2122; x_wconf 86' lang='lat' dir='ltr'>non</span> <span class='ocrx_word' id='word_1_223' title='bbox 839 2098 881 2124; x_wconf 89' lang='lat' dir='ltr'>ut</span> <span class='ocrx_word' id='word_1_224' title='bbox 909 2091 1209 2139; x_wconf 83' lang='lat' dir='ltr'>Imperatorem,</span> <span class='ocrx_word' id='word_1_225' title='bbox 1243 2098 1490 2144; x_wconf 68' lang='lat' dir='ltr'>pervenisset,</span> 
     </span>
     <span class='ocr_line' id='line_1_30' title="bbox 71 2139 1492 2204; baseline 0.011 -28"><span class='ocrx_word' id='word_1_226' title='bbox 71 2139 116 2176; x_wconf 84' lang='lat' dir='ltr'>id</span> <span class='ocrx_word' id='word_1_227' title='bbox 135 2140 178 2174; x_wconf 85' lang='lat' dir='ltr'>in</span> <span class='ocrx_word' id='word_1_228' title='bbox 198 2140 437 2188; x_wconf 68' lang='lat' dir='ltr'>argutatione</span> <span class='ocrx_word' id='word_1_229' title='bbox 458 2140 504 2177; x_wconf 76' lang='lat' dir='ltr'>de</span> <span class='ocrx_word' id='word_1_230' title='bbox 514 2144 607 2187; x_wconf 78' lang='lat' dir='ltr'>fisci</span> <span class='ocrx_word' id='word_1_231' title='bbox 627 2143 905 2192; x_wconf 79' lang='lat' dir='ltr'>significatione</span> <span class='ocrx_word' id='word_1_232' title='bbox 927 2159 1122 2194; x_wconf 73' lang='lat' dir='ltr'>versatur,</span> <span class='ocrx_word' id='word_1_233' title='bbox 1150 2151 1197 2186; x_wconf 83' lang='lat' dir='ltr'>ad</span> <span class='ocrx_word' id='word_1_234' title='bbox 1230 2165 1344 2202; x_wconf 83' lang='lat' dir='ltr'>quem</span> <span class='ocrx_word' id='word_1_235' title='bbox 1373 2156 1492 2204; x_wconf 87' lang='lat' dir='ltr'>perti-</span> 
     </span>
     <span class='ocr_line' id='line_1_31' title="bbox 73 2196 1492 2261; baseline 0.013 -30"><span class='ocrx_word' id='word_1_236' title='bbox 73 2196 201 2234; x_wconf 81' lang='lat' dir='ltr'>nuisse</span> <span class='ocrx_word' id='word_1_237' title='bbox 233 2197 372 2238; x_wconf 83' lang='lat' dir='ltr'>credo,</span> <span class='ocrx_word' id='word_1_238' title='bbox 414 2211 510 2248; x_wconf 85' lang='lat' dir='ltr'>quae</span> <span class='ocrx_word' id='word_1_239' title='bbox 538 2201 691 2249; x_wconf 81' lang='lat' dir='ltr'>privato</span> <span class='ocrx_word' id='word_1_240' title='bbox 723 2204 839 2239; x_wconf 77' lang='lat' dir='ltr'>etiam</span> <span class='ocrx_word' id='word_1_241' title='bbox 869 2207 1030 2242; x_wconf 80' lang='lat' dir='ltr'>nomine</span> <span class='ocrx_word' id='word_1_242' title='bbox 1063 2210 1240 2258; x_wconf 76' lang='lat' dir='ltr'>Princeps</span> <span class='ocrx_word' id='word_1_243' title='bbox 1268 2214 1492 2261; x_wconf 79' lang='lat' dir='ltr'>accipiebat.</span> 
     </span>
     <span class='ocr_line' id='line_1_32' title="bbox 72 2256 1494 2310; baseline 0.011 -20"><span class='ocrx_word' id='word_1_244' title='bbox 72 2257 160 2296; x_wconf 85' lang='lat' dir='ltr'>Jam</span> <span class='ocrx_word' id='word_1_245' title='bbox 180 2269 303 2304; x_wconf 87' lang='lat' dir='ltr'>quum</span> <span class='ocrx_word' id='word_1_246' title='bbox 323 2256 484 2293; x_wconf 78' lang='lat' dir='ltr'>cerulus</span> <span class='ocrx_word' id='word_1_247' title='bbox 511 2257 724 2307; x_wconf 88' lang='lat' dir='ltr'>ingenuum</span> <span class='ocrx_word' id='word_1_248' title='bbox 756 2274 795 2296; x_wconf 82' lang='lat' dir='ltr'>se</span> <span class='ocrx_word' id='word_1_249' title='bbox 826 2260 998 2308; x_wconf 86' lang='lat' dir='ltr'>tulisset,</span> <span class='ocrx_word' id='word_1_250' title='bbox 1026 2266 1133 2310; x_wconf 79' lang='lat' dir='ltr'>(vera</span> <span class='ocrx_word' id='word_1_251' title='bbox 1165 2267 1268 2302; x_wconf 77' lang='lat' dir='ltr'>enim</span> <span class='ocrx_word' id='word_1_252' title='bbox 1292 2267 1408 2306; x_wconf 85' lang='lat' dir='ltr'>lectio</span> <span class='ocrx_word' id='word_1_253' title='bbox 1436 2281 1494 2306; x_wconf 79' lang='lat' dir='ltr'>est</span> 
     </span>
     <span class='ocr_line' id='line_1_33' title="bbox 62 2313 1493 2374; baseline 0.012 -28"><span class='ocrx_word' id='word_1_254' title='bbox 62 2314 186 2363; x_wconf 83' lang='lat' dir='ltr'>ferre,</span> <span class='ocrx_word' id='word_1_255' title='bbox 221 2326 300 2349; x_wconf 85' lang='lat' dir='ltr'>non</span> <span class='ocrx_word' id='word_1_256' title='bbox 319 2313 487 2350; x_wconf 83' lang='lat' dir='ltr'>aliorum</span> <span class='ocrx_word' id='word_1_257' title='bbox 511 2317 653 2362; x_wconf 59' lang='lat' dir='ltr'>efferte)</span> <span class='ocrx_word' id='word_1_258' title='bbox 674 2318 852 2355; x_wconf 81' lang='lat' dir='ltr'>Lachetis</span> <span class='ocrx_word' id='word_1_259' title='bbox 871 2331 999 2357; x_wconf 72' lang='lat' dir='ltr'>sumto</span> <span class='ocrx_word' id='word_1_260' title='bbox 1018 2324 1198 2368; x_wconf 85' lang='lat' dir='ltr'>nomine,</span> <span class='ocrx_word' id='word_1_261' title='bbox 1227 2327 1493 2374; x_wconf 75' lang='lat' dir='ltr'>Vespasianus,</span> 
     </span>
     <span class='ocr_line' id='line_1_34' title="bbox 75 2371 1491 2430; baseline 0.01 -23"><span class='ocrx_word' id='word_1_262' title='bbox 75 2371 226 2407; x_wconf 82' lang='lat' dir='ltr'>mortui</span> <span class='ocrx_word' id='word_1_263' title='bbox 256 2371 374 2415; x_wconf 80' lang='lat' dir='ltr'>bona,</span> <span class='ocrx_word' id='word_1_264' title='bbox 399 2383 444 2408; x_wconf 83' lang='lat' dir='ltr'>ut</span> <span class='ocrx_word' id='word_1_265' title='bbox 469 2372 602 2410; x_wconf 87' lang='lat' dir='ltr'>liberti</span> <span class='ocrx_word' id='word_1_266' title='bbox 629 2374 781 2420; x_wconf 80' lang='lat' dir='ltr'>Geruli,</span> <span class='ocrx_word' id='word_1_267' title='bbox 817 2380 994 2426; x_wconf 80' lang='lat' dir='ltr'>quamvis</span> <span class='ocrx_word' id='word_1_268' title='bbox 1023 2381 1170 2417; x_wconf 78' lang='lat' dir='ltr'>Laches</span> <span class='ocrx_word' id='word_1_269' title='bbox 1197 2383 1312 2418; x_wconf 78' lang='lat' dir='ltr'>vivus</span> <span class='ocrx_word' id='word_1_270' title='bbox 1343 2384 1491 2430; x_wconf 73' lang='lat' dir='ltr'>fuisset,</span> 
     </span>
     <span class='ocr_line' id='line_1_35' title="bbox 79 2427 1489 2487; baseline 0.01 -24"><span class='ocrx_word' id='word_1_271' title='bbox 79 2427 126 2464; x_wconf 79' lang='lat' dir='ltr'>ad</span> <span class='ocrx_word' id='word_1_272' title='bbox 151 2441 188 2464; x_wconf 87' lang='lat' dir='ltr'>se</span> <span class='ocrx_word' id='word_1_273' title='bbox 213 2440 457 2478; x_wconf 85' lang='lat' dir='ltr'>perventura,</span> <span class='ocrx_word' id='word_1_274' title='bbox 492 2442 687 2481; x_wconf 83' lang='lat' dir='ltr'>artemque</span> <span class='ocrx_word' id='word_1_275' title='bbox 721 2433 829 2468; x_wconf 83' lang='lat' dir='ltr'>illam</span> <span class='ocrx_word' id='word_1_276' title='bbox 867 2449 1002 2483; x_wconf 81' lang='lat' dir='ltr'>parum</span> <span class='ocrx_word' id='word_1_277' title='bbox 1039 2439 1281 2486; x_wconf 81' lang='lat' dir='ltr'>profuturam</span> <span class='ocrx_word' id='word_1_278' title='bbox 1318 2439 1489 2487; x_wconf 80' lang='lat' dir='ltr'>homini,</span> 
     </span>
     <span class='ocr_line' id='line_1_36' title="bbox 81 2484 1489 2547; baseline 0.011 -26"><span class='ocrx_word' id='word_1_279' title='bbox 81 2484 251 2529; x_wconf 82' lang='lat' dir='ltr'>dicebat,</span> <span class='ocrx_word' id='word_1_280' title='bbox 292 2487 580 2524; x_wconf 85' lang='lat' dir='ltr'>accommodato</span> <span class='ocrx_word' id='word_1_281' title='bbox 604 2503 715 2525; x_wconf 76' lang='lat' dir='ltr'>versu</span> <span class='ocrx_word' id='word_1_282' title='bbox 734 2496 932 2530; x_wconf 79' lang='lat' dir='ltr'>Menandri</span> <span class='ocrx_word' id='word_1_283' title='bbox 955 2494 1134 2540; x_wconf 76' lang='lat' dir='ltr'>(collect.</span> <span class='ocrx_word' id='word_1_284' title='bbox 1158 2496 1298 2532; x_wconf 75' lang='lat' dir='ltr'>Clerici</span> <span class='ocrx_word' id='word_1_285' title='bbox 1325 2512 1364 2547; x_wconf 90' lang='lat' dir='ltr'>p.</span> <span class='ocrx_word' id='word_1_286' title='bbox 1384 2503 1489 2547; x_wconf 74' lang='lat'>248.)</span> 
     </span>
     <span class='ocr_line' id='line_1_37' title="bbox 81 2541 1493 2605; baseline 0.01 -26"><span class='ocrx_word' id='word_1_287' title='bbox 81 2543 168 2579; x_wconf 72' lang='grc' dir='ltr'>ἐπὰν</span> <span class='ocrx_word' id='word_1_288' title='bbox 190 2544 392 2591; x_wconf 66' lang='grc' dir='ltr'><strong><em>ἀποθάνῃς.</em></strong></span> <span class='ocrx_word' id='word_1_289' title='bbox 419 2541 524 2590; x_wconf 62' lang='grc' dir='ltr'><strong><em>αὖθις</em></strong></span> <span class='ocrx_word' id='word_1_290' title='bbox 546 2545 588 2587; x_wconf 73' lang='grc' dir='ltr'>ἐξ</span> <span class='ocrx_word' id='word_1_291' title='bbox 601 2548 719 2595; x_wconf 71' lang='grc' dir='ltr'>ἀρχῆς</span> <span class='ocrx_word' id='word_1_292' title='bbox 739 2549 824 2597; x_wconf 69' lang='grc' dir='ltr'>ἔσῃ,</span> <span class='ocrx_word' id='word_1_293' title='bbox 848 2552 902 2588; x_wconf 81' lang='lat' dir='ltr'>ita</span> <span class='ocrx_word' id='word_1_294' title='bbox 930 2562 974 2587; x_wconf 88' lang='lat' dir='ltr'>ut</span> <span class='ocrx_word' id='word_1_295' title='bbox 989 2554 1167 2589; x_wconf 81' lang='lat' dir='ltr'>Lachetis</span> <span class='ocrx_word' id='word_1_296' title='bbox 1186 2555 1392 2605; x_wconf 81' lang='lat' dir='ltr'>Ceruh‘que</span> <span class='ocrx_word' id='word_1_297' title='bbox 1423 2572 1493 2595; x_wconf 82' lang='lat' dir='ltr'>no-</span> 
     </span>
     <span class='ocr_line' id='line_1_38' title="bbox 81 2601 1492 2661; baseline 0.013 -28"><span class='ocrx_word' id='word_1_298' title='bbox 81 2601 190 2637; x_wconf 81' lang='lat' dir='ltr'>mina</span> <span class='ocrx_word' id='word_1_299' title='bbox 220 2601 381 2639; x_wconf 85' lang='lat' dir='ltr'>adderet.</span> <span class='ocrx_word' id='word_1_300' title='bbox 431 2606 515 2651; x_wconf 81' lang='lat' dir='ltr'>Ipsa</span> <span class='ocrx_word' id='word_1_301' title='bbox 541 2606 620 2650; x_wconf 85' lang='lat' dir='ltr'>joci</span> <span class='ocrx_word' id='word_1_302' title='bbox 647 2609 833 2646; x_wconf 75' lang='lat' dir='ltr'>testivitas</span> <span class='ocrx_word' id='word_1_303' title='bbox 867 2622 903 2646; x_wconf 89' lang='lat' dir='ltr'>et</span> <span class='ocrx_word' id='word_1_304' title='bbox 931 2614 1114 2655; x_wconf 78' lang='lat' dir='ltr'>comitas,</span> <span class='ocrx_word' id='word_1_305' title='bbox 1150 2612 1372 2661; x_wconf 84' lang='lat' dir='ltr'>propiorem</span> <span class='ocrx_word' id='word_1_306' title='bbox 1401 2629 1492 2652; x_wconf 86' lang='lat' dir='ltr'>cum</span> 
     </span>
     <span class='ocr_line' id='line_1_39' title="bbox 81 2659 1494 2713; baseline 0.011 -18"><span class='ocrx_word' id='word_1_307' title='bbox 81 2659 259 2708; x_wconf 79' lang='lat' dir='ltr'>Principe</span> <span class='ocrx_word' id='word_1_308' title='bbox 277 2663 591 2697; x_wconf 83' lang='lat' dir='ltr'>consuetudinem</span> <span class='ocrx_word' id='word_1_309' title='bbox 611 2665 748 2701; x_wconf 78' lang='lat' dir='ltr'>Cel-ulo</span> <span class='ocrx_word' id='word_1_310' title='bbox 775 2668 908 2713; x_wconf 80' lang='lat' dir='ltr'>fuisse,</span> <span class='ocrx_word' id='word_1_311' title='bbox 935 2669 979 2704; x_wconf 86' lang='lat' dir='ltr'>in</span> <span class='ocrx_word' id='word_1_312' title='bbox 997 2668 1121 2705; x_wconf 70' lang='lat' dir='ltr'>alieno</span> <span class='ocrx_word' id='word_1_313' title='bbox 1143 2669 1282 2707; x_wconf 78' lang='lat' dir='ltr'>liberto</span> <span class='ocrx_word' id='word_1_314' title='bbox 1311 2674 1381 2708; x_wconf 76' lang='lat' dir='ltr'>vix</span> <span class='ocrx_word' id='word_1_315' title='bbox 1416 2688 1494 2712; x_wconf 87' lang='lat' dir='ltr'>cre-</span> 
     </span>
     <span class='ocr_line' id='line_1_40' title="bbox 84 2714 587 2761; baseline 0.006 -10"><span class='ocrx_word' id='word_1_316' title='bbox 84 2714 272 2761; x_wconf 81' lang='lat' dir='ltr'>dibilem,</span> <span class='ocrx_word' id='word_1_317' title='bbox 301 2718 389 2753; x_wconf 88' lang='lat' dir='ltr'>satis</span> <span class='ocrx_word' id='word_1_318' title='bbox 409 2720 587 2755; x_wconf 86' lang='lat' dir='ltr'>ostendit.</span> 
     </span>
    </p>
   </div>
   <div class='ocr_carea' id='block_1_7' title="bbox 83 2777 1491 2884">
    <p class='ocr_par' dir='ltr' id='par_1_9' title="bbox 83 2777 1491 2884">
     <span class='ocr_line' id='line_1_41' title="bbox 177 2777 1491 2828; baseline 0.014 -20"><span class='ocrx_word' id='word_1_319' title='bbox 177 2778 494 2824; x_wconf 78' lang='lat' dir='ltr'>dispensationem]</span> <span class='ocrx_word' id='word_1_320' title='bbox 522 2777 559 2812; x_wconf 90' lang='lat' dir='ltr'>h.</span> <span class='ocrx_word' id='word_1_321' title='bbox 581 2792 612 2813; x_wconf 91' lang='lat' dir='ltr'>e.</span> <span class='ocrx_word' id='word_1_322' title='bbox 633 2777 899 2828; x_wconf 76' lang='lat' dir='ltr'>dispensatoris</span> <span class='ocrx_word' id='word_1_323' title='bbox 919 2796 1073 2820; x_wconf 85' lang='lat' dir='ltr'>munus.</span> <span class='ocrx_word' id='word_1_324' title='bbox 1122 2783 1222 2820; x_wconf 84' lang='lat' dir='ltr'>Mox</span> <span class='ocrx_word' id='word_1_325' title='bbox 1248 2790 1436 2827; x_wconf 70' lang='lat' dir='ltr'>ordinarit</span> <span class='ocrx_word' id='word_1_326' title='bbox 1461 2791 1491 2828; x_wconf 87' lang='lat' dir='ltr'>i.</span> 
     </span>
     <span class='ocr_line' id='line_1_42' title="bbox 83 2831 940 2884; baseline 0.018 -21"><span class='ocrx_word' id='word_1_327' title='bbox 83 2841 120 2879; x_wconf 74' lang='lat' dir='ltr'>q.</span> <span class='ocrx_word' id='word_1_328' title='bbox 144 2831 254 2874; x_wconf 79' lang='lat' dir='ltr'>fecit,</span> <span class='ocrx_word' id='word_1_329' title='bbox 277 2834 448 2872; x_wconf 82' lang='lat' dir='ltr'>instituit</span> <span class='ocrx_word' id='word_1_330' title='bbox 467 2834 778 2884; x_wconf 75' lang='lat' dir='ltr'>dispensatorem.</span> <span class='ocrx_word' id='word_1_331' title='bbox 802 2853 840 2877; x_wconf 82' lang='lat' dir='ltr'>v.</span> <span class='ocrx_word' id='word_1_332' title='bbox 859 2841 940 2878; x_wconf 83' lang='lat' dir='ltr'>ind.</span> 
     </span>
    </p>
   </div>
  </div>
 </body>
</html>
