1859 3278
568 173 1062 208 CLAUDIUS.
1449 182 1502 211 11

112 300 319 337 veterem
354 288 572 348 segnitiae
599 298 782 348 notam,
829 290 1062 335 ebrietatis
1098 307 1279 351 quoque
1314 303 1357 338 et
1390 296 1516 340 aleae

113 361 357 404 infamiam
378 359 534 405 subiit.
576 356 652 422 [6]
693 360 847 413 Quum
871 361 1057 405 interim
1073 393 1090 415 ,
1127 378 1405 420 quamquam
1425 367 1516 409 hoc

112 431 256 474 modo
288 429 468 488 agenti,
505 445 743 488 nunquam
777 439 858 473 aut
890 431 1096 474 officium
1128 432 1407 489 hominum,
1437 444 1516 478 aut

115 499 383 543 reverentia
409 499 596 558 publica
623 499 781 542 defuit.
851 499 1079 557 Equester
1111 502 1226 544 ordo
1256 501 1323 544 bis
1360 512 1517 562 patro-

112 584 225 612 num
259 584 366 612 eum
388 568 691 627 perferendae
718 584 805 627 pro
827 585 874 612 se
893 568 1136 627 legationis
1163 570 1325 628 elegit:
1357 573 1514 629 semel,

113 653 257 697 quum
293 638 631 696 deportandum
654 636 852 681 Romam
886 655 1056 698 corpus
1075 639 1279 697 Augusti
1309 640 1515 685 humeris

111 707 204 751 suis
238 723 261 750 a
302 705 577 750 Consulibus
611 717 949 766 exposcerent3
999 708 1202 765 iterum,
1256 724 1398 766 quum
1433 727 1518 770 op-

116 792 328 836 pressum
352 776 566 832 Sejanum
590 776 712 834 apud
743 778 927 820 cosdem
963 778 1319 834 gratularentur.
1392 780 1519 833 Quin

113 855 161 889 et
186 844 460 905 spectaculis
483 843 749 888 advenienti
774 862 1036 904 assurgere,
1073 856 1118 889 et
1138 848 1342 892 lacernas
1377 850 1520 909 depo-

122 930 235 958 nere
257 915 478 974 solebant.
556 913 750 958 Senatus
776 930 989 973 quoque,
1026 925 1078 959 ut
1105 918 1161 959 ad
1183 932 1430 962 numerum
1450 919 1523 962 'so-

115 984 289 1028 dalium
324 982 649 1041 Augustalium
688 991 810 1027 sorte
845 986 1090 1028 ductorum
1128 994 1262 1029 extra
1306 989 1517 1032 ordinem

114 1052 421 1108 adjiceretur,
455 1052 657 1095 censuit:
691 1062 736 1096 et
757 1068 896 1111 mox,
934 1062 986 1097 ut
1008 1056 1170 1097 domus
1192 1055 1258 1111 ei,
1296 1074 1429 1115 quam
1450 1058 1520 1101 in-

119 1122 285 1166 cendio
323 1122 564 1178 amiserat,
610 1122 799 1180 publica
832 1124 1041 1183 impensa
1072 1124 1416 1184 restitueretur,
1455 1128 1524 1170 di-

117 1194 377 1250 cendaeque
402 1192 523 1235 iuter
549 1191 824 1237 Consulares
849 1193 1103 1238 sententiae
1124 1195 1196 1253 jus
1220 1205 1345 1240 esset.
1384 1197 1521 1250 Quod

210 1348 400 1382 ebrietalis
421 1358 482 1393 qa.
503 1354 539 1380 et
555 1346 673 1390 aleae]
713 1356 750 1378 v.
770 1357 800 1377 e.
823 1352 881 1387 33.

213 1407 327 1451 Quum
355 1406 501 1438 interim
520 1420 566 1427 —
585 1401 716 1447 defiat]
768 1399 893 1435 Nolui
920 1414 1007 1436 cum
1038 1401 1193 1439 Bremio
1222 1413 1259 1438 et
1276 1401 1422 1438 Wolfio
1451 1403 1526 1439 hoc

118 1472 269 1496 comma
287 1457 475 1507 superiori
495 1457 609 1506 capiti
626 1467 808 1498 attexere,
836 1469 957 1504 quum
986 1471 1134 1493 novum
1163 1471 1449 1507 argumentum,
1479 1460 1524 1496 de

119 1530 195 1564 quo
215 1527 345 1551 auctor
366 1527 550 1563 exponere
569 1512 728 1559 incipit,
755 1513 992 1559 exordiatur,
1019 1529 1138 1564 neque
1159 1530 1221 1552 me
1242 1528 1391 1561 movet,
1419 1517 1524 1566 quod

120 1574 286 1617 ἀπόδοσις
310 1572 420 1607 deest.
471 1570 661 1606 Sententia
684 1570 785 1604 enim
805 1584 893 1605 cum
915 1573 1178 1621 superioribus
1199 1573 1322 1610 adhuc
1354 1586 1407 1610 est
1437 1588 1525 1610 con-

117 1631 266 1677 juncta,
307 1627 526 1679 praesertim
557 1641 677 1676 quum
706 1624 856 1676 antiqui
882 1631 1082 1678 scriptores
1109 1631 1229 1679 capita
1257 1643 1387 1666 nostro
1417 1645 1526 1667 more

119 1686 326 1722 discernere
337 1699 422 1732 ¹non
441 1685 614 1722 solerent.
664 1684 786 1721 Placet
804 1698 951 1731 tamen,
977 1689 1080 1736 quod
1099 1699 1152 1724 est
1171 1690 1213 1724 in
1233 1689 1404 1737 margine
1431 1702 1525 1725 non-

118 1743 314 1780 nullorum
336 1742 550 1780 librorum:
583 1745 651 1780 Cui
666 1747 811 1779 interim
833 1757 934 1793 sequ.

214 1803 268 1836 bis
288 1811 487 1849 patronum
506 1819 549 1830 -
579 1803 707 1850 elegit]
772 1801 940 1837 Tertiam
976 1801 1206 1852 legationem
1235 1814 1423 1839 memorat
1452 1807 1526 1839 Dio
1572 1818 1576 1820 ·

119 1867 182 1907 59,
218 1859 270 1900 6.,
305 1858 374 1894 ubi
406 1873 426 1895 a
453 1858 546 1904 Caio
575 1857 788 1893 consulatus
816 1858 999 1908 collegam
1025 1872 1235 1896 assumtum
1270 1872 1406 1896 narrat.
1461 1860 1525 1895 Ibi

120 1918 194 1952 ita:
226 1911 327 1959 οὗτος
351 1915 383 1953 ἔν
404 1932 442 1952 τε
460 1918 534 1960 τοῖς
555 1915 692 1951 {metm
725 1914 835 1961 μέχρι
867 1917 948 1953 τότε
976 1916 1243 1962 ἐξεταζόμενος,
1272 1920 1331 1954 καὶ
1359 1925 1528 1966 πρεσβευ-

123 1975 186 2018 τὴς
205 1974 292 2020 πρὸς
310 1975 370 2008 τὸν
390 1976 498 2010 Γὰἲυν
514 1998 525 2014 ,
555 1973 644 2018 μετὰ
661 1972 720 2007 τὸν
740 1977 802 2007 τοῦ
822 1974 987 2021 Τιβερίου
1010 1975 1163 2011 θάνατον
1176 2002 1186 2017 ,
1213 1975 1299 2022 ὑπὲρ
1331 1980 1390 2019 τῆς
1419 1974 1528 2011 ἱππά-

125 2033 182 2075 δος
200 2031 400 2075 πεμφθείς,
434 2030 517 2066 τότε
537 2033 698 2076 πρῶτον,
728 2032 853 2078 καίπερ
873 2030 911 2073 ’ἐξ
931 2032 990 2068 καὶ
1019 2034 1284 2079 τεσσαράκοντα
1313 2032 1372 2079 ἐτη
1399 2040 1527 2080 βεβιω-

125 2090 215 2133 κώς.
240 2088 300 2125 καὶ
325 2087 518 2124 ὑπάτευσεν
541 2086 615 2133 ἅμα
639 2088 697 2122 καὶ
716 2087 932 2130 ἐβούλευσεν.
968 2092 1011 2127 A.
1034 2091 1080 2124 U.
1099 2099 1184 2139 790.

219 2155 447 2193 exposcerent
466 2162 512 2172 --
527 2146 828 2194 gratularentur]
861 2159 910 2182 sc.
929 2148 1099 2195 Equites.
1146 2147 1208 2184 Al.
1229 2159 1476 2196 exposceretur
1496 2158 1534 2184 et

90 2242 94 2244 ,
121 2205 391 2254 gratularetur.
437 2201 539 2238 Illud
557 2201 802 2249 exquisitius,
830 2214 865 2238 ct
883 2217 902 2238 a
922 2205 1116 2253 scriptoris
1136 2219 1252 2241 manu
1269 2205 1494 2254 profectum.

217 2263 385 2296 lacernas
413 2261 604 2306 deponere]
655 2259 917 2307 supet-indutas
945 2262 1045 2311 togis
1087 2263 1138 2298 ob
1175 2263 1401 2312 tempestatis
1432 2263 1533 2308 inju-

130 2319 244 2355 riam.
293 2318 356 2353 Sic
378 2329 448 2352 nos
475 2315 591 2365 pallia
617 2316 798 2363 ponimus
829 2317 1024 2363 adeuntes,
1051 2320 1119 2368 qui
1143 2319 1228 2357 loco
1257 2330 1344 2356 sunt
1368 2320 1534 2368 superio-

79 2405 83 2407 .
127 2389 208 2420 xes,
236 2374 297 2412 vel
321 2374 398 2410 illis
416 2373 659 2408 intrantibus.
682 2386 720 2408 v.
736 2374 849 2409 etiam
875 2380 1025 2412 Ferrar.
1045 2377 1089 2413 de
1117 2391 1157 2413 re
1184 2378 1336 2414 vestiar.
1364 2380 1403 2412 P.
1423 2379 1472 2413 11.
1503 2376 1530 2413 l.

129 2447 165 2471 ι.
184 2447 216 2470 c.
238 2444 297 2482 29.
326 2431 456 2476 (Thes.
475 2432 521 2467 T.
544 2432 609 2468 VI.
628 2443 663 2478 p.
682 2434 787 2475 822.)
1210 2431 1213 2433 “

220 2492 398 2527 sodalium
408 2489 693 2536 Augustalium]
746 2490 790 2524 A.
811 2490 892 2533 767.
933 2490 1023 2527 Tac.
1040 2492 1086 2527 A.
1108 2504 1140 2532 1,
1164 2496 1228 2535 54.
1252 2518 1276 2535 ,,
1293 2492 1398 2527 Idem
1415 2501 1540 2529 annus.

130 2560 250 2584 novas
271 2546 498 2584 cerimonias
521 2546 682 2593 accepim
725 2545 852 2583 addito
884 2551 1061 2584 sodalium
1083 2552 1342 2599 Augustalium
1369 2549 1536 2586 sacerdo-

130 2606 214 2645 tio;
246 2615 290 2639 ut
314 2602 506 2652 quondam
532 2604 577 2638 T.
599 2602 732 2639 Tatius
759 2605 964 2641 retinendis
993 2607 1221 2643 Sabinorum
1251 2605 1363 2640 sacris
1389 2605 1532 2641 sodales

133 2661 261 2700 Titios
281 2661 508 2696 instituerat.
537 2670 633 2696 sorte
658 2663 758 2697 ducti
783 2675 802 2697 e
831 2663 1073 2711 primoribus
1101 2661 1264 2699 civitatis
1294 2675 1390 2698 unus
1413 2673 1450 2699 et
1476 2663 1536 2699 vi-

134 2719 259 2768 ginti;
295 2717 474 2754 Tiberius
501 2717 725 2766 Drususque
751 2729 786 2754 et
814 2721 989 2757 Claudius
1015 2731 1050 2756 et
1077 2718 1323 2756 Germanicus
1351 2718 1536 2766 adjiciun-

134 2775 246 2812 tur.“
293 2779 367 2813 Dio
384 2775 441 2818 56,
459 2773 521 2817 46.
537 2785 574 2811 et
594 2781 650 2819 58,
676 2787 729 2813 ια.
754 2780 836 2824 τοὺς
851 2784 915 2818 τοῦ
935 2777 1150 2828 Αὐγούστου
1172 2776 1352 2823 θιασώτας
1371 2788 1407 2813 et
1424 2784 1478 2827 59,
1498 2785 1533 2821 7.

135 2833 217 2877 τοὺς
237 2830 346 2881 ἱερέας
356 2830 630 2882 Αὖγονστιίους
652 2832 760 2873 dicit.
