1795 3262
295 175 358 218 56
687 189 727 221 c.
815 188 1284 221 sUE'rONII

301 303 424 360 apud
453 302 637 362 Gallos,
676 303 803 348 dirae
836 303 1161 360 immanitatis,
1211 311 1255 347 et
1292 297 1472 347 tantum
1508 302 1686 348 civibus

302 372 383 413 sub
407 370 617 428 Augusto
646 373 965 429 interdictam,
1004 373 1186 431 penitus
1221 373 1437 417 abolevit.
1511 373 1688 416 Contra

303 455 433 483 sacra
469 442 704 485 Eleusinia
743 443 880 485 etiam
917 441 1162 485 transferre
1201 457 1259 485 ex
1299 440 1459 485 Attica
1487 441 1691 485 Romam

306 517 494 553 conatus
519 519 607 566 est3
644 512 964 569 templumque
989 513 1034 554 in
1060 509 1218 552 Sicilia
1235 510 1429 554 Veneris
1443 510 1691 569 Erycinae,

304 587 529 621 vetustate
569 580 851 637 collapsum,
896 589 946 623 ut
981 595 1041 623 ex
1083 578 1261 622 aerario
1299 579 1467 638 populi
1492 578 1694 622 Romani

303 648 600 703 reficeretur,
639 659 801 693 auctor
823 648 922 692 fuit.
974 649 1090 692 Cum
1115 649 1296 705 regibus
1318 649 1476 692 foedus
1501 648 1551 692 in
1572 648 1692 691 Foro

303 716 413 772 icit,
466 732 606 774 porca
644 734 802 774 caesa,
842 733 895 761 ac
936 727 1091 763 vetere
1123 717 1372 760 Fecialium
1405 718 1694 779 praestatione

305 785 519 827 adhibita.
578 786 666 828 Sed
693 796 738 830 et
763 789 899 843 haec,
939 796 980 830 et
1009 795 1186 843 cetera,
1227 794 1466 843 totumque
1492 786 1603 830 adeo
1632 800 1693 828 ex

302 861 435 913 parte
460 870 622 911 magna
648 857 995 914 principatum,
1033 872 1125 898 nou
1150 864 1241 898 tam
1268 871 1350 898 suo
1367 886 1380 912 7
1419 871 1555 912 quam
1577 851 1697 897 uxo·-

304 938 408 965 rum
461 922 827 984 libertorumque
872 925 1095 980 arbitrio,
1154 924 1518 981 administravit;
1589 924 1696 966 talis

304 991 476 1048 ubique
500 994 803 1052 plerumque,
843 996 1022 1051 qualem
1045 1009 1138 1036 esse
1179 1008 1309 1050 eum,
1348 1002 1423 1036 aut
1456 993 1700 1051 expediret

307 1060 430 1116 illis,
466 1070 544 1103 aut
568 1062 744 1106 liberet.
787 1057 899 1128 [24³]
941 1064 1140 1121 Sponsas
1165 1063 1411 1105 admodum
1437 1063 1700 1105 adolescens

306 1129 416 1171 duas
452 1129 635 1174 habuit:
690 1132 941 1176 Aemiliam
979 1133 1235 1189 Lepidam,
1289 1130 1487 1187 Augusti
1530 1146 1702 1189 prone-

304 1205 454 1256 ptem3
503 1198 616 1242 item
652 1201 842 1245 Liviam
875 1201 1208 1258 Medullinum,
1259 1200 1333 1242 cui
1366 1208 1410 1242 et
1444 1215 1703 1258 cognomen

400 1412 628 1444 Druidarum
645 1429 691 1436 —
712 1412 887 1460 abolevit]
955 1414 1048 1448 Plin.
1070 1421 1128 1456 50,
1158 1424 1190 1447 1.
1218 1411 1290 1455 (4.)
1326 1408 1512 1453 „Tiberii
1543 1408 1708 1445 Caesaris

306 1464 542 1513 principatus
563 1466 714 1502 sustulit
735 1469 901 1503 Druidas
922 1469 1139 1511 Gallorum,
1166 1480 1201 1503 et
1228 1469 1301 1503 hoc
1327 1479 1442 1515 genus
1469 1477 1600 1501 vatum
1629 1479 1708 1500 me-

309 1521 572 1570 dicorumque.
588 1526 611 1542 “
667 1523 738 1561 Vel
768 1538 873 1560 error
892 1524 1108 1560 alterutrius
1128 1525 1322 1573 scriptoris
1341 1526 1381 1559 in
1402 1523 1522 1559 simili
1543 1524 1710 1559 duorum

309 1579 508 1614 Caesarum
537 1579 711 1623 nomine,
738 1580 798 1616 vel
828 1582 951 1629 lapsus
981 1581 1131 1616 librarii
1159 1581 1257 1630 apud
1278 1580 1466 1623 Plinium,
1492 1580 1712 1627 legendum·

309 1648 403 1684 que:
434 1638 567 1671 Tiberii
590 1636 736 1672 Claudii
757 1651 796 1677 v.
821 1641 955 1673 Tiberii
972 1641 1114 1674 Claudii
1142 1640 1311 1674 Caesaris
1328 1639 1493 1674 videtur.
1542 1638 1646 1685 Lips.
1664 1638 1710 1672 ad

314 1698 399 1730 Tac.
420 1696 464 1729 A.
486 1704 539 1733 ια,
567 1702 623 1738 42.
641 1721 650 1737 ,
681 1694 881 1730 Tiberium
910 1696 951 1730 in
973 1694 1075 1731 Urbe
1102 1707 1247 1731 tantum
1262 1721 1272 1739 ,
1300 1695 1503 1730 Claudium
1527 1695 1568 1729 in
1589 1694 1713 1729 Gallia

309 1749 389 1797 ipsa
419 1751 514 1787 hane
542 1751 850 1799 superstitionem
882 1753 1095 1795 sustulisse,
1122 1763 1240 1802 putat.
1291 1754 1488 1795 Ceterum,
1514 1765 1633 1800 quum
1659 1765 1714 1787 se-

310 1807 390 1842 rius
411 1807 554 1850 adhuc,
588 1819 630 1843 ut
650 1813 735 1844 Tac.
757 1816 810 1851 ¹4,
839 1818 899 1852 50.
951 1814 1139 1857 Lumprld.
1157 1808 1261 1845 Alex.
1287 1809 1368 1849 60..
1395 1809 1628 1844 Druidarum
1650 1809 1715 1844 fiat

312 1865 477 1906 mentio,
507 1865 659 1901 Claudii
680 1866 847 1901 edietum
883 1867 1017 1901 effectu
1044 1867 1203 1902 caruisse
1232 1876 1382 1914 putant,
1413 1877 1448 1901 et
1476 1879 1559 1901 sane
1589 1878 1715 1914 super-

314 1921 486 1956 stitiones
504 1923 618 1957 nullis
640 1923 748 1957 facile
769 1923 899 1958 edictis
919 1922 1130 1959 abolentur.
1177 1925 1237 1959 De
1260 1926 1489 1958 Druidarum
1504 1923 1662 1959 nomine
1679 1933 1717 1959 et

315 1976 503 2025 religione
524 1992 563 2014 v.
585 1978 750 2027 plurima
770 1990 942 2027 congesta
968 1996 986 2014 a
1013 1983 1206 2016 Tzsclzuck.
1228 1981 1272 2015 ad
1293 1980 1384 2016 Mel.
1402 1990 1435 2024 3,
1462 1993 1494 2022 2,
1516 1990 1551 2024 5.

408 2049 515 2069 sacra
548 2039 747 2084 Eleusinia]
795 2050 834 2073 v.
868 2036 1022 2072 Salmas.
1062 2037 1106 2072 ad
1133 2042 1256 2084 Spart.
1284 2038 1437 2073 Adrian.
1462 2047 1519 2072 22.
1576 2039 1718 2074 Contra

318 2092 475 2126 eundem
489 2119 499 2134 ,
525 2105 625 2127 sacra
642 2095 811 2127 Eleusina
833 2094 1072 2129 scabendum
1095 2096 1404 2134 contendentem.
1427 2093 1624 2143 vulgarem
1641 2095 1719 2130 for-

318 2161 421 2184 mam
445 2149 574 2184 asserit
592 2150 636 2184 ad
661 2150 698 2184 h.
717 2150 742 2184 l.
764 2151 1011 2198 Oudendorp.

411 2209 647 2254 templumque
667 2226 708 2234 -
728 2211 872 2243 Veneris
890 2212 1087 2255 Erycinae]
1113 2209 1217 2256 quod
1238 2218 1444 2257 susceperat
1464 2207 1616 2255 quidem
1637 2207 1720 2247 refi-

321 2277 402 2298 cere
423 2264 601 2298 Tiberius
624 2266 731 2307 (Tac.
754 2266 797 2299 A.
815 2272 846 2307 4,
871 2267 973 2310 45),
1002 2266 1063 2300 sed
1087 2267 1258 2301 omisisse
1279 2266 1454 2308 videtur,
1479 2275 1521 2300 ut
1545 2265 1720 2314 pleraque

321 2320 549 2366 hujusmodi
575 2333 698 2368 opera.
770 2322 929 2356 Addidit
956 2334 1080 2358 autem
1113 2324 1252 2359 Noster
1279 2327 1319 2358 in
1347 2325 1492 2366 Sicilia,
1533 2323 1719 2370 quoniam

323 2379 468 2414 Romae
489 2378 600 2412 etiam
627 2378 782 2416 Veneris
804 2381 986 2426 Erycinae
1009 2381 1206 2429 templum.

415 2447 533 2472 vetere
549 2436 748 2470 Fecialium
762 2438 899 2482 praes]
928 2450 966 2471 v.
992 2441 1073 2472 Liv.
1098 2451 1128 2479 1,
1153 2443 1211 2482 24.

418 2507 567 2528 uxorum.
589 2492 877 2538 libertorumque]
909 2507 945 2528 v.
970 2507 1000 2529 c.
1023 2499 1082 2537 28.
1103 2507 1205 2542 sequ.

419 2552 562 2597 ubt'que]
613 2550 698 2582 Hoc
718 2548 763 2582 ad
784 2561 841 2583 res
860 2551 1040 2597 pertinet,
1073 2561 1108 2586 et
1129 2562 1205 2587 est:
1235 2555 1275 2586 in
1305 2551 1464 2586 omnibus
1492 2550 1616 2592 rebus,
1639 2550 1722 2596 ple-

325 2621 474 2655 rumque
504 2608 549 2643 ad
586 2617 755 2652 tempus,
796 2605 821 2640 i.
844 2619 877 2653 q.
901 2612 995 2642 omni
1023 2618 1191 2654 tempore.
1240 2610 1372 2644 Burm.
1399 2607 1559 2655 praefert
1590 2611 1723 2655 utique,

327 2665 430 2713 quod
448 2663 587 2712 placuit
609 2663 722 2698 etiam
745 2663 933 2699 Ernestio.
983 2665 1052 2700 Sed
1072 2665 1145 2700 hoc
1168 2679 1205 2700 ιι.
1226 2665 1251 2701 l.
1274 2665 1381 2714 plane
1406 2663 1622 2698 abundaret.

422 2724 583 2770 Augusti
601 2722 827 2767 proneptem]
874 2719 970 2756 Pilia
999 2722 1099 2756 enim
1128 2733 1205 2758 erat
1236 2723 1376 2762 Juliae‚
1402 2722 1523 2769 neptis
1549 2718 1725 2768 Augusti,

331 2790 377 2812 ex
396 2779 440 2812 L.
463 2777 578 2813 Paulo
599 2778 654 2821 (v.
674 2779 771 2824 Aug.
792 2779 887 2821 64),
929 2790 1036 2812 soror
1066 2779 1121 2813 M.
1143 2779 1297 2814 Aemilii
1316 2778 1476 2826 Lepidi,
1506 2778 1550 2812 de
1580 2789 1656 2825 quo
1685 2786 1724 2811 v.

337 2833 457 2882 Calig.
476 2841 529 2878 24.
549 2845 586 2869 et
602 2834 709 2883 Lips.
729 2833 774 2869 ad
802 2834 887 2870 Tac.
905 2834 1002 2870 Ann.
1023 2842 1081 2879 14,
1103 2845 1135 2870 Ω.
1161 2836 1209 2872 cf.
1231 2839 1429 2881 Glandorp.
1450 2849 1484 2882 p.
1501 2844 1558 2878 δι.
