1859 3278
0 2397 3 2405 <
0 2326 9 2361 ισ-
0 2135 13 2303 ..W-„7⁷-

1479 156 1497 163 .-

675 159 930 193 NERO·
1406 165 1499 200 123

97 297 286 338 coenas,
359 292 557 337 quorum
605 276 689 320 uni
736 275 916 320 mellita
965 275 1239 334 quadragies
1289 287 1502 331 sestertio

97 351 330 407 constitit,
391 347 523 392 alteri
573 347 720 407 pluris
755 347 992 405 aliquanto
1032 347 1272 406 absorptio
1308 357 1498 400 rosaria,

96 417 209 489 [28]
251 421 402 479 Super
434 421 749 478 ingenuorum
790 417 1106 478 paedagogia,
1163 426 1210 461 et
1248 430 1503 481 nuptarum

91 587 211 631 viris,
239 584 468 622 Ruhnkenio
490 595 526 621 et
545 583 715 628 Wolfio,
747 596 867 634 quum
897 583 1150 635 tautologiam
1181 584 1321 635 pariat,
1350 599 1506 635 sequen-

89 644 218 682 tibus:
248 657 359 693 atque
378 647 460 679 ltine
479 647 562 679 inde
587 646 813 679 hortantium
849 656 952 691 sequ.
1001 644 1201 693 Reliquam
1232 646 1441 681 lectionum
1469 656 1506 682 et

92 704 397 750 conjecturarum
419 700 639 737 varietatem
659 713 700 735 v.
723 700 821 750 apud
841 702 974 736 Burm.
996 712 1031 736 et
1051 701 1226 739 Oudend.
1277 704 1328 738 Ut
1360 715 1395 739 et
1423 706 1506 753 ipso

91 760 259 809 aliquam
303 759 519 807 symbolam
560 757 736 801 afferam,
782 771 902 807 quum
935 759 1105 795 maxime
1143 760 1308 796 offendat
1337 760 1505 797 verbum

83 820 338 867 parabantur,
372 817 547 865 ineptum
576 814 627 851 ob
658 815 879 865 praecedens
910 820 1123 863 dispositae,
1153 818 1290 854 suadeo
1318 821 1507 866 parebant

88 876 129 912 h.
146 890 178 912 e.
203 874 448 925 apparebant,
478 884 520 909 ut
536 873 632 922 Aug.
654 881 711 922 95.
726 879 896 919 jecinora
919 877 1097 922 replicata
1117 893 1162 903 —
1178 888 1404 923 paruerunt,
1430 878 1507 918 Ve-

88 947 184 983 sfas.
209 942 242 978 4.
265 933 441 981 quantum
459 941 586 968 eventu
599 941 731 978 postea
749 936 878 978 paruit
897 932 962 975 al.,
992 944 1027 968 et
1046 932 1176 969 locum
1203 935 1257 970 ita
1286 936 1507 972 constituo:

87 991 332 1041 „dispositae
350 1004 415 1039 per
433 989 548 1025 litora
567 1000 603 1025 et
626 989 727 1037 ripas
762 989 997 1025 deversoriae
1024 989 1197 1027 tabernae
1217 995 1426 1039 parebant,
1447 993 1508 1028 in·

87 1049 210 1099 signes
225 1062 348 1098 ganea
372 1058 408 1083 et
429 1047 481 1090 (h.
499 1061 529 1084 e.
550 1046 686 1092 etiam)
708 1058 973 1083 matronarum
987 1074 996 1091 ‚
1024 1047 1239 1085 institorias
1260 1063 1388 1099 operas
1416 1051 1509 1086 imi-

87 1106 256 1143 tantiam
282 1108 422 1154 sequ-‘²
446 1124 490 1131 —
542 1110 630 1140 Tac.
650 1113 704 1149 15,
735 1115 794 1150 57.
819 1106 1129 1154 „Crepidinibns
1161 1108 1283 1155 stagni
1309 1107 1508 1157 lupanaria

89 1164 307 1204 adstabant,
329 1162 546 1199 illustribus
570 1162 724 1198 feminis
745 1163 944 1212 completa.
972 1175 1103 1200 contra
1131 1176 1255 1201 scorta
1284 1168 1507 1209 visebantur,

88 1223 203 1258 undis
224 1220 464 1270 corporibus.
490 1221 569 1267 jam
599 1232 724 1268 gestus
750 1233 956 1269 motusque
980 1221 1183 1265 obscoeni,
1214 1218 1281 1265 et,
1300 1234 1507 1272 postquam

87 1280 262 1315 tenebrae
288 1278 526 1320 incedebant,
552 1288 736 1326 quantum
757 1279 866 1325 juxta
885 1280 1057 1316 nemoris
1078 1291 1114 1316 et
1134 1281 1377 1327 circumjecta
1396 1291 1506 1328 tecta,

89 1349 299 1373 consonare
320 1346 430 1372 cantu
453 1346 489 1370 et
511 1334 729 1371 luminibus
756 1336 964 1372 clarescere.
979 1340 1005 1357 “

184 1396 322 1430 mellita
341 1411 385 1418 —
405 1398 566 1436 roxaria]
615 1392 787 1428 Infinitae
819 1395 896 1429 fere
921 1394 965 1429 de
983 1395 1023 1432 h.
1046 1394 1070 1430 l.
1094 1396 1271 1433 virorum
1297 1395 1396 1432 doct.
1419 1407 1509 1434 sunt

89 1450 321 1493 sententiae,
347 1463 438 1498 quas
467 1449 532 1485 hic
560 1463 747 1485 recensere
778 1463 857 1485 non
887 1451 1032 1487 attinet⁴
1080 1455 1316 1502 Receperunt
1350 1454 1425 1489 fere
1456 1454 1508 1491 le·

91 1509 262 1545 ctionem
293 1510 462 1544 mitellita
490 1521 562 1556 pro
593 1509 751 1549 mellita,
792 1508 914 1543 secuti
942 1511 1118 1545 Salmasii
1150 1513 1506 1560 inteipretationem

91 1567 245 1612 (Exerc.
273 1565 370 1600 Plin.
401 1578 440 1614 p.
459 1566 560 1614 592.)
593 1565 637 1600 de
669 1566 817 1601 mitelli-s·
850 1565 891 1600 h.
915 1579 946 1605 e.
975 1569 1101 1615 parvis
1136 1569 1265 1604 mitris
1295 1582 1322 1604 s.
1352 1572 1504 1606 coronis

90 1624 135 1659 in
162 1632 344 1671 nepotum
376 1623 570 1659 conviviis
599 1624 771 1658 maximo
800 1637 888 1658 cum
917 1637 1047 1661 sumtu
1088 1625 1329 1670 distributis,
1368 1627 1505 1663 tultam

88 1680 176 1717 loco
198 1683 290 1716 Plin.
312 1690 368 1723 21,
393 1682 428 1716 3.
458 1680 541 1716 Alia
561 1680 762 1716 difficultas
784 1682 826 1716 in
844 1694 930 1717 voc.
953 1685 1135 1726 absortio,
1166 1686 1364 1733 quomodo
1385 1686 1505 1735 vulgo

89 1738 251 1788 legitur,
276 1738 381 1787 quod
401 1750 437 1774 et
455 1740 583 1788 ipsum
613 1739 656 1773 in
682 1737 866 1774 mirificas
896 1739 1038 1777 formas
1069 1741 1185 1785 abiit,
1213 1757 1376 1791 quarum
1404 1744 1507 1778 indi-

89 1809 175 1832 cem
200 1809 236 1831 v.
258 1795 358 1843 apud
378 1798 513 1834 Burm.
536 1808 570 1832 et
594 1795 795 1839 Oudend„
823 1810 843 1830 a
874 1798 1037 1838 Merum,
1068 1799 1227 1848 aliisque
1261 1802 1369 1836 codd⁴
1395 1814 1507 1850 pror·

90 1867 155 1890 sus
187 1853 304 1889 abest.
370 1854 582 1903 Equidem,
613 1867 849 1902 quamquam
879 1855 922 1889 in
954 1870 992 1891 re
1018 1856 1162 1894 nullius
1192 1860 1381 1894 momenti
1413 1872 1506 1894 cum

89 1911 250 1960 :reliquis
271 1912 455 1947 caecutire
472 1923 551 1947 non
571 1912 696 1960 pudet,
727 1913 827 1959 (quis
850 1912 951 1948 enim
974 1913 1091 1949 hodie
1112 1916 1357 1963 cupediarum
1377 1917 1506 1952 nomi-

90 1983 139 2005 na
171 1970 301 2005 onmia
332 1970 459 2011 norit,
488 1970 530 2013 in
557 1970 698 2006 nostris
727 1970 956 2019 Gallicisque
989 1971 1127 2007 culinis
1150 1974 1305 2010 inventa
1317 1974 1355 2019 ?)
1387 1975 1505 2011 satius

89 2038 218 2063 tamen
250 2027 368 2067 duxi,
394 2026 568 2070 reddere,
597 2041 692 2075 quae
718 2027 947 2064 facillimum
981 2042 1132 2064 sensum
1159 2031 1358 2079 praebent,
1386 2046 1504 2081 quam

90 2084 253 2120 incertas
283 2084 611 2134 interpretationes
639 2085 758 2132 sequi.
817 2086 917 2121 Dedi
952 2087 1076 2134 igitur
1109 2091 1268 2131 mellzta,
1314 2090 1419 2137 quod
1458 2090 1504 2125 in

90 2141 225 2179 :multis
246 2153 299 2178 est
318 2143 450 2186 codd.,
479 2154 515 2178 et
533 2153 661 2191 postea
681 2144 884 2190 absorptio,
911 2147 1094 2193 quoniam
1120 2147 1164 2180 de
1184 2146 1311 2195 aliquo
1342 2147 1500 2189 ferculo,

87 2207 196 2248 quod
216 2201 290 2236 toti
309 2214 446 2236 coenae
463 2214 604 2237 nomen
629 2200 750 2243 dedit,
778 2215 991 2238 sermonem
1013 2216 1107 2246 esse,
1133 2215 1253 2252 patet,
1285 2206 1337 2240 ita
1363 2216 1406 2240 ut
1430 2207 1501 2239 ab·-

90 2261 228 2305 sorptio
249 2257 362 2293 etiam
381 2259 426 2294 ad
449 2260 554 2308 prius
569 2272 654 2294 voc.
686 2261 824 2293 mellita
853 2260 1046 2295 referatur.
1096 2262 1174 2295 Uni
1201 2265 1338 2297 mellita
1371 2266 1502 2298 ahsor-

83 2321 168 2364 ptio
186 2316 406 2364 quadragies
427 2318 605 2351 Sestertio
627 2316 819 2360 constitit,
851 2316 958 2352 alteri
984 2323 1124 2354 rosaria
1155 2319 1216 2355 vel
1237 2321 1369 2369 potius
1395 2334 1500 2356 rosa-

91 2371 155 2409 ced
183 2373 220 2409 h.
243 2386 275 2408 e.
304 2386 397 2421 aqua
430 2386 580 2408 rosacea
614 2374 770 2408 condita
795 2375 915 2422 pluris
943 2375 1151 2425 aliquanto.
1210 2379 1340 2424 Quum
1375 2389 1500 2412 tamen

91 2443 178 2468 voc.
201 2433 362 2467 absortz'o
392 2430 434 2465 in
461 2431 619 2478 optimis
638 2430 751 2466 libris
771 2432 891 2475 desit,
919 2445 1032 2481 puto,
1066 2435 1247 2471 excidisse
1267 2436 1392 2483 priori
1411 2435 1498 2470 loco

93 2501 180 2538 post
210 2490 369 2531 mellita,
407 2499 518 2536 atque
542 2499 672 2536 postea
701 2502 721 2524 e
748 2492 939 2539 margine,
966 2492 1036 2527 ubi
1063 2504 1261 2528 notaverat
1290 2493 1428 2540 aliquis
1459 2493 1502 2528 in

95 2546 181 2582 aliis
211 2547 435 2587 inventum,
466 2545 632 2581 alienum
660 2545 790 2582 locum
817 2561 1027 2597 occupasse.
1077 2552 1137 2586 De
1165 2551 1298 2585 insano
1329 2551 1424 2585 luxu
1450 2550 1499 2587 cf.

95 2603 225 2644 Vitell.
243 2614 298 2648 15.

184 2667 421 2712 ingenuorum
445 2663 702 2710 paedagogia]
757 2667 997 2714 Paedagogia
1028 2664 1067 2700 h.
1099 2664 1123 2700 l.
1151 2663 1252 2699 nihil
1283 2663 1387 2699 aliud
1424 2678 1499 2701 esse

96 2722 269 2765 pbssunt,
296 2734 409 2769 quam
429 2718 532 2762 loca,
560 2720 629 2754 ubi
646 2720 754 2767 pueri
773 2720 986 2765 alebantur,
1013 2736 1091 2757 non
1127 2722 1363 2756 educationis
1391 2735 1498 2758 causa

95 2775 188 2822 (quo
216 2791 325 2814 sensu
348 2779 528 2813 dicuntur
544 2780 639 2813 Plc'n.
661 2792 717 2826 ep.
737 2790 770 2823 7,
794 2789 850 2822 27,
873 2789 928 2823 13.
955 2794 1087 2828 „puer
1105 2780 1145 2813 in
1160 2782 1395 2828 paedagogio
1425 2780 1498 2815 mi-

89 2829 167 2868 stus
182 2833 353 2883 pluribus
376 2836 626 2871 dormiebat“
650 2836 719 2872 ubi
745 2849 781 2873 V.
804 2838 992 2886 Gierig.),
1021 2837 1084 2873 sed
1111 2837 1249 2884 stupri,
1276 2850 1317 2873 ac
1345 2842 1499 2887 ingenui
