1859 3278
11 2108 14 2111 ,

0 2279 4 2342 Ιι

0 2351 5 2425 l

507 147 1072 182 VtrELLItrs.
1383 136 1475 198 247

83 270 240 317 eadem
265 267 404 322 haec,
443 273 540 308 tum
567 263 794 324 peculiari
817 265 1013 322 merito,
1052 267 1175 324 quod
1210 267 1474 326 praesidens

84 336 326 384 certamini
347 336 591 392 Neroneo,
629 334 890 393 cupientem
912 335 1032 379 inter
1052 336 1343 379 citharoedos
1367 353 1476 380 con-

82 407 294 462 tendere,
334 421 446 463 neC,
484 405 694 462 quamvis
717 404 1023 463 flagitantibus
1050 406 1245 461 cunctis,
1279 407 1477 464 promitq

77 487 174 522 tere
199 476 468 532 audentem,
506 476 705 533 ideoque
729 489 958 532 egressum
980 476 1190 531 theatro,
1223 491 1475 519 revocave-

47 555 178 607 ἡιῈῖ,
237 545 362 603 quasi
402 543 740 604 perseverantis
781 545 942 603 populi
981 546 1208 603 legatione
1244 552 1470 603 suscepta,

77 616 464 672 exorandumque
487 616 774 674 praebuerat.
816 611 893 676 [5]
924 614 1089 658 Trium
1116 615 1269 673 itaque
1290 614 1474 657 Princi-

75 702 189 746 pum
204 684 507 742 indulgentia,
521 701 616 729 non
631 684 781 727 solum
801 684 1074 741 honoribus,
1088 701 1247 728 verum
1266 693 1311 728 et
1327 701 1474 728 sacer-

74 755 214 799 dotiis
237 754 532 812 amplissimis
553 762 730 807 auctus,
763 756 1143 812 proconsulatum
1154 754 1343 798 Africae
1369 762 1474 813 post

71 825 213 881 haec,
265 839 514 882 curamque
553 839 747 883 operum
782 823 1081 881 publicorum
1117 824 1471 882 administravit,

70 903 118 938 et
139 895 376 936 voluntate
402 892 597 952 dispari,
638 901 682 936 et
707 892 1067 937 existimatione.
1139 894 1191 937 In
1223 895 1472 953 provinc1a

73 963 355 1021 singularem
376 962 692 1006 innocentiam
714 963 945 1021 praestitit
971 963 1156 1006 biennio
1183 964 1471 1022 continuato,

74 1049 218 1091 quum
244 1032 512 1075 succedenti
534 1033 667 1075 fratri
686 1033 861 1089 legatus
883 1033 1168 1076 substitisset.
1237 1032 1304 1077 At
1327 1035 1375 1076 in
1396 1050 1473 1077 ur-

71 1103 192 1146 bano
219 1101 375 1147 officio
400 1102 519 1145 dona
547 1112 683 1159 atque
710 1111 981 1145 ornamenta
1016 1104 1301 1161 templorum
1331 1104 1474 1146 surri-

69 1172 250 1233 puisse,
299 1179 343 1214 et
375 1180 678 1215 commutasse
717 1171 940 1228 quaedam
974 1171 1245 1228 ferebatur,
1291 1189 1474 1232 proque

70 1258 185 1286 auro
212 1250 258 1284 et
281 1249 470 1298 argento
495 1248 708 1284 stannum
737 1249 781 1282 et
815 1241 1132 1284 aurichalcum
1166 1243 1474 1300 supposuisse.

69 1306 150 1377 [6]
189 1310 404 1354 Uxorem
427 1309 589 1353 habuit
606 1309 889 1366 Petroniam,
926 1311 1175 1353 consularis
1199 1311 1290 1353 viri
1308 1311 1470 1368 filiam,

71 1390 118 1426 et
160 1396 222 1423 ex
259 1395 311 1425 ea
341 1379 491 1423 filium
514 1378 878 1434 Petronianum,
916 1388 1102 1441 captum
1138 1381 1284 1423 altero
1321 1382 1473 1425 oculo.

161 1559 355 1593 certamini
376 1558 554 1603 Neroneo]
589 1568 628 1590 v.
647 1555 790 1591 Neron.
810 1565 862 1590 12.
885 1564 921 1590 et
939 1565 995 1591 21.
1022 1572 1069 1584 —
1125 1554 1303 1591 Ceterum
1322 1555 1470 1592 Miiller.

68 1616 111 1652 in
133 1609 279 1652 schedis
300 1612 549 1659 conjiciebat:
578 1616 756 1648 Neronem
780 1618 997 1660 cupientem.

160 1685 449 1728 exorandumque
461 1683 700 1730 praebuerat]
752 1685 852 1718 Haec
870 1683 1108 1731 optimorum
1131 1681 1240 1719 codd.
1258 1691 1294 1715 et
1315 1679 1397 1716 edd.
1422 1691 1476 1718 est

66 1742 196 1780 lectio.
245 1740 304 1776 Al.
315 1739 548 1787 praebuerit,
575 1749 618 1774 ut
645 1741 823 1789 proxime
853 1745 1094 1784 revocaverit,
1125 1739 1229 1789 quod
1262 1748 1316 1774 est
1343 1748 1474 1773 contra

67 1799 314 1838 Latinitatem
335 1797 378 1831 in
404 1810 465 1839 re,
495 1809 608 1844 quam
640 1811 709 1845 pro
740 1810 837 1834 certa
864 1809 989 1834 narrat
1017 1808 1171 1837 auctor3
1207 1795 1253 1830 al.
1286 1795 1476 1830 omittunt

69 1855 246 1905 copulam
266 1869 352 1903 que,
379 1866 455 1902 quo
483 1853 742 1901 distorquetur
766 1856 904 1891 oratio.
950 1857 1187 1902 Argutantur
1207 1853 1404 1888 Ernestius
1438 1861 1475 1886 et

69 1914 318 1961 Oudendorp.
331 1938 340 1954 ‚
376 1910 443 1945 ille
461 1910 617 1946 suadens
637 1922 824 1947 exoratum
845 1925 884 1946 v.
906 1915 1012 1958 quasi
1030 1929 1075 1938 —
1092 1921 1280 1946 exoratum
1294 1910 1479 1956 praebue-

19 2011 22 2013 ,
69 1978 139 2015 rit,
174 1971 239 2007 hic
266 1968 381 2004 deleri
411 1967 549 2013 jubens
576 1980 713 2004 vocem
731 1970 955 2015 praebuerat
987 1982 1025 2005 v.
1051 1969 1265 2016 praebuerit
1292 1980 1380 2003 cum
1408 1980 1475 2014 que

67 2032 111 2068 in
128 2043 224 2067 voce
243 2026 433 2078 proxima.

157 2097 454 2148 proconsulatum
471 2096 636 2143 Africae]
689 2095 881 2130 Memorat
901 2099 990 2130 Tac.
1006 2094 1058 2129 H.
1084 2106 1115 2136 1,
1144 2101 1203 2135 70.
1222 2104 1257 2129 et
1278 2103 1311 2136 2,
1340 2102 1397 2141 97.
1425 2090 1476 2128 cf.

70 2161 180 2208 Pigh.
198 2154 332 2193 Annal.
355 2155 400 2188 T.
420 2155 488 2188 ΙΙΙ.
517 2166 555 2201 p.
575 2155 678 2201 594,
714 2152 781 2199 qui
813 2151 860 2185 ad
888 2150 1071 2187 Consules
1098 2151 1292 2187 Neronem
1323 2152 1410 2185 1111.
1440 2158 1478 2184 et

72 2213 297 2252 Cornelium
318 2209 526 2248 Lentulum
547 2211 708 2246 Cossum
735 2212 786 2254 (a.
806 2211 854 2244 U.
873 2210 974 2254 313.)
998 2208 1122 2244 refert.

165 2288 211 2319 In
234 2284 425 2329 provincia
444 2298 490 2305 -—
502 2282 714 2326 praestitit]
771 2278 863 2313 Tac.
887 2281 938 2313 H.
956 2289 992 2318 2,
1020 2289 1078 2327 97.
1102 2306 1124 2322 ‚,
1138 2282 1320 2327 integrum
1338 2276 1414 2311 illie
1431 2285 1477 2308 ac

70 2341 315 2392 favorabilem
335 2337 646 2387 proconsulatum
665 2336 846 2375 Vitellius
870 2347 1003 2384 egerat.
1016 2339 1040 2356 “

166 2409 405 2448 substitisset]
461 2405 641 2442 Aliorum
677 2404 791 2441 lectio
827 2408 1045 2441 substitutus
1084 2416 1174 2442 esset
1207 2402 1298 2439 fen-i
1334 2399 1478 2448 nequit.

77 2472 134 2505 Ita
158 2467 259 2503 enim
281 2462 488 2500 Proconsul
514 2474 601 2512 post
631 2463 786 2498 fratrem
811 2462 955 2498 fuisset.
1005 2465 1088 2499 Imo
1119 2461 1317 2502 remansit,
1347 2467 1477 2493 exacto

78 2521 378 2576 proconsulatus,
401 2534 518 2564 anno,
550 2521 592 2556 in
619 2521 843 2569 provincia,
871 2531 906 2556 et
940 2519 1122 2556 submisit
1147 2534 1183 2556 se
1210 2527 1342 2566 sponte
1371 2514 1481 2550 fratri

79 2594 124 2620 ut
140 2582 295 2630 legatuS.
344 2580 456 2613 Recte
478 2589 602 2613 autem
622 2590 803 2622 monent²
825 2578 1014 2627 jungenda
1025 2579 1151 2626 fratri
1173 2579 1330 2625 legatus.
1356 2585 1395 2609 v.
1416 2570 1481 2607 Ti-

80 2641 158 2680 ber.
179 2648 233 2674 12.
263 2638 380 2673 Antea
399 2634 554 2670 mallem
577 2638 716 2671 biennio
733 2641 912 2672 continuo.

181 2708 405 2751 Petroniam]
429 2703 547 2739 filiam
570 2708 610 2741 P.
622 2706 789 2741 Petronii
807 2704 1045 2754 Turpiliani,
1071 2699 1247 2740 Consulis
1266 2713 1297 2734 a.
1316 2699 1365 2733 U.
1384 2697 1477 2749 814,

85 2763 149 2800 vel
173 2777 355 2802 sororem.
388 2775 428 2798 v.
449 2762 614 2797 Reimar.
641 2762 686 2797 ad
709 2764 845 2810 lelzil.
865 2763 922 2807 65,
942 2768 978 2808 4.
1001 2773 1036 2797 et
1051 2759 1168 2808 Ryelz.
1191 2757 1235 2793 ad
1259 2762 1347 2792 Tac.
1363 2755 1411 2789 H.
1436 2765 1471 2796 2·

83 2821 165 2867 64„
191 2821 259 2860 ubi
274 2819 476 2859 Dolabella
492 2830 620 2870 postea
641 2820 685 2857 in
701 2819 995 2858 matrimonium
1011 2819 1192 2868 accepisse
1210 2813 1354 2851 dicim?
1378 2811 1476 2850 hane
