1795 3262
331 169 351 179 η

296 182 393 215 200
691 154 1284 215 asussffionlt

293 295 456 341 siarios
485 312 612 343 arma
636 296 896 350 transferri,
923 292 1193 349 remittique
1216 293 1423 338 navibus.
1459 292 1525 336 Ea
1550 292 1692 349 quun}

295 367 345 409 in
372 370 532 411 castris
554 370 638 411 sub
671 376 853 411 noctem
886 371 1241 422 promerentur,
1286 362 1470 405 insidias
1506 363 1695 419 quidam

298 437 539 495 suspicati,
578 438 826 482 tumultum
849 432 1196 477 excitaverunt:
1232 447 1283 475 ac
1308 439 1497 491 repente
1520 447 1697 490 omues,

294 609 462 642 mutare,
489 611 532 635 ut
551 599 686 648 Lipsio
706 598 749 633 in
771 600 918 638 etenim,
949 594 1130 631 Glareano
1151 594 1192 629 in
1210 596 1365 641 quando.
1414 593 1590 631 Oudend.
1612 606 1700 629 con-

292 655 406 702 jecit:
452 661 592 692 Ostiam
617 658 823 703 placuerat.
876 651 978 689 Mihi
1008 652 1219 701 genuinum
1254 650 1426 694 videtur,
1462 661 1498 687 et
1524 651 1701 686 inducere

294 712 566 755 narrationem,
592 713 784 760 superiora
805 710 1066 759 explicantem,
1095 721 1163 757 pro
1181 717 1217 743 et
1238 710 1390 755 quidem,
1421 711 1563 749 etenim,
1593 721 1703 742 nam-

296 782 376 816 que.
427 772 480 804 Ita
508 775 595 808 Tac.
615 770 660 804 A.
679 777 714 812 5,
734 773 798 813 58.
821 794 845 812 ‚,
859 782 937 805 non
959 777 1189 804 accusatores
1208 764 1440 814 fatiscebant.
1487 767 1538 800 Et
1559 764 1704 800 Ancha-

293 825 376 861 rius
395 826 541 861 Priscus
563 837 667 873 sequ.
685 827 710 844 ‘⁶

382 896 451 929 per
472 884 678 917 classiarios
698 901 742 908 --
764 883 935 926 navibus]
982 882 1070 918 Lux
1089 878 1247 929 petenda
1265 892 1284 914 e
1308 878 1443 914 Tacito
1461 893 1494 922 1,
1517 883 1579 923 80.
1601 891 1704 927 sequ.

295 949 333 974 et
350 942 448 975 Plat.
472 940 566 976 Oth.
587 949 622 983 3.
635 965 646 982 ‚
676 937 765 975 coll.
786 942 929 985 Xz‘plzil.
949 939 1008 984 64,
1031 951 1085 986 9·›
1111 938 1179 986 qui
1199 937 1408 972 accuratius
1428 949 1507 971 rem
1538 945 1702 977 narrant,

297 1008 436 1043 eosque
458 997 559 1031 haud
582 997 670 1032 satis
695 996 952 1044 compararint
971 1008 1116 1030 necesse
1145 1005 1199 1029 est
1218 996 1479 1029 Burmannus.
1506 992 1705 1042 magisque

297 1052 421 1088 adhuc
449 1053 661 1095 Ernestius,
711 1053 779 1102 qui
812 1053 857 1087 ad
887 1051 912 1087 l.
938 1066 976 1086 n.
1009 1051 1219 1098 disputavit
1252 1063 1406 1099 prorsus
1436 1052 1707 1096 ἂπροςδιὸνυσα.

296 1112 412 1146 Arma
440 1109 507 1145 illa
534 1120 638 1146 erant
665 1110 843 1158 septimae
873 1109 1039 1144 decimae
1067 1108 1236 1144 cohortis
1268 1109 1438 1152 (auctore
1474 1112 1560 1143 Tac.
1590 1106 1616 1140 l.
1641 1108 1708 1150 c.)„

295 1179 412 1214 quam
430 1181 447 1202 e
468 1167 620 1203 colonia
644 1166 816 1203 Ostiensi
845 1167 887 1201 in
908 1165 1054 1201 Urbem
1082 1165 1196 1200 acciri
1219 1164 1324 1201 Otho
1355 1164 1534 1209 jusserat,
1563 1176 1709 1200 arman-

297 1223 365 1258 dae
405 1224 484 1270 ejus
516 1238 603 1259 cura
630 1223 747 1263 Vario
778 1223 978 1271 Crispino,
1026 1221 1202 1256 Tribuno
1236 1235 1255 1255 e
1288 1222 1560 1264 praetorianis,
1609 1221 1706 1254 data.

299 1281 379 1327 Qui
408 1294 515 1323 cum,
552 1292 679 1328 aperto
714 1280 1034 1321 armamentario,
1070 1278 1244 1314 vehicula
1275 1278 1468 1316 cohortis,
1501 1278 1709 1324 incipiente

297 1348 428 1379 nocte,
458 1339 605 1374 onerari
626 1338 684 1372 his
705 1336 818 1371 armis
850 1337 1040 1381 jussisset,
1068 1335 1203 1377 miles,
1232 1333 1278 1369 ad
1309 1334 1517 1381 perniciem
1539 1333 1710 1369 Othonis

299 1394 487 1430 familiam
520 1398 743 1430 Senatorum
790 1395 945 1436 armari,
980 1404 1118 1428 temere
1154 1392 1395 1434 existimans,
1435 1391 1554 1437 raptis
1593 1389 1710 1425 armis

300 1451 446 1487 Urbem
471 1466 511 1488 ac
532 1453 717 1487 Palatium
739 1451 858 1498 petit,
886 1460 921 1484 et
940 1464 957 1484 a
984 1448 1276 1484 convivantium
1298 1448 1355 1483 ibi
1377 1449 1592 1495 primorum
1616 1446 1713 1482 civi·

299 1509 387 1544 tatis
422 1510 529 1544 caede
563 1510 631 1544 vix
661 1508 706 1543 ab
734 1509 816 1555 ipso
840 1506 994 1543 Othone
1020 1505 1214 1540 retinetur.
1273 1505 1415 1540 Omnia
1444 1519 1484 1540 ea
1515 1517 1602 1540 cum
1623 1506 1713 1538 Sues

301 1566 410 1600 tonio
435 1570 698 1607 consentiunt,
726 1564 801 1600 nisi
822 1562 925 1610 quod
947 1563 1099 1596 navibus
1124 1576 1191 1607 per
1214 1564 1421 1597 classiarios
1454 1562 1509 1605 (h.
1532 1575 1564 1596 e.
1598 1558 1712 1596 :remi-

298 1635 382 1670 ges,
408 1622 516 1658 classi
536 1621 709 1658 Ostiensi
729 1620 932 1665 impositos
946 1645 954 1659 ‚
985 1631 1030 1652 ne
1050 1631 1136 1652 cum
1158 1619 1332 1654 Ernestio
1354 1618 1399 1652 de
1417 1618 1542 1652 milite
1563 1615 1712 1651 classia-

300 1680 364 1715 rio
398 1679 564 1727 cogites,
595 1678 639 1712 de
666 1689 743 1725 quo
780 1675 926 1709 dictum
958 1675 1003 1709 ad
1034 1673 1140 1711 Galb.
1165 1676 1236 1719 12.)
1268 1688 1372 1709 arma
1401 1679 1556 1709 Romam
1585 1683 1713 1709 trans-

299 1739 403 1778 lata,
440 1735 665 1775 Suetonius,
705 1732 860 1768 Tacitus
897 1743 1048 1774 autem,
1094 1733 1255 1766 vehicula
1285 1733 1441 1767 cohortis
1468 1732 1519 1767 iis
1549 1740 1711 1772 onerata,

304 1794 412 1830 dicit.
460 1793 640 1830 Putabam
662 1787 864 1836 aliquando
879 1816 886 1829 ,
914 1788 1002 1824 haec
1023 1789 1101 1836 ipsa
1124 1790 1286 1824 vehicula
1306 1789 1452 1830 Taciti,
1477 1799 1520 1823 ut
1549 1788 1707 1836 saepius,

302 1851 349 1886 de
366 1854 526 1899 navigiis·
548 1847 792 1893 intelligenda
814 1858 908 1885 esse,
937 1855 973 1879 et
997 1858 1058 1890 per
1082 1858 1248 1880 errorem
1270 1839 1514 1881 Plutarchum
1534 1843 1556 1881 l.
1579 1857 1607 1880 c.
1628 1856 1714 1880 ver-

301 1909 412 1944 tisse:
449 1909 495 1943 τὰ
523 1905 617 1944 ὅπλα
646 1906 755 1947 ταῖς
782 1901 985 1949 ἁμάξαις
1010 1902 1237 1944 ἐπιτιθέντος.
1283 1904 1355 1938 Sed
1383 1901 1508 1937 levior
1538 1901 1629 1937 llaec
1655 1911 1713 1936 res

301 1976 379 2008 est,
403 1967 501 2000 etin
531 1977 602 2012 qua
636 1963 848 1996 dissensum
884 1959 1112 2006 scriptorum
1141 1958 1252 1994 facile
1285 1960 1391 1995 feras.
1440 1958 1524 1995 Alia
1551 1954 1713 1992 difficul-

301 2033 383 2065 tas,
411 2034 527 2069 quam
549 2029 734 2068 quaerunt
762 2017 804 2052 in
837 2016 952 2051 verbo
983 2019 1122 2051 remitti
1151 2016 1273 2064 (quod
1291 2018 1424 2052 Burm.
1457 2016 1500 2050 in
1518 2017 1714 2061 praemitti

303 2077 532 2113 mutandum
563 2077 695 2116 duxit,
735 2076 882 2108 Ernest.
911 2083 1040 2108 contra
1071 2085 1183 2108 usum
1211 2072 1364 2120 linguae
1391 2071 1574 2119 explicuit
1599 2074 1714 2114 mitti,

305 2134 554 2181 Oudendorp.
576 2143 722 2167 mutare
746 2129 881 2164 maluit
902 2131 942 2164 in
965 2133 1106 2167 demitti
1122 2130 1149 2166 i.
1169 2144 1198 2165 e.
1221 2130 1385 2166 secundo
1418 2128 1540 2164 fluvio
1574 2127 1714 2163 deferri

305 2205 335 2228 s.
359 2191 496 2226 devehi
524 2191 712 2231 Ostiam),
740 2187 840 2222 mihi
859 2187 961 2221 nulla
988 2187 1157 2223 videtur.
1192 2186 1465 2236 Oudendorpii
1494 2185 1712 2222 emendatio

310 2249 424 2286 etiam
448 2248 585 2284 falsum
601 2244 776 2295 praebere
807 2256 972 2280 sensum.
1021 2242 1172 2278 Scilicet
1196 2256 1285 2278 cum
1316 2243 1439 2280 redire
1466 2242 1617 2279 deberet
1650 2254 1740 2296 ‹20-¹

304 2307 396 2342 hors
428 2305 537 2343 Ostia
569 2306 751 2344 Romam,
796 2303 1014 2336 remittenda
1048 2300 1163 2335 etiam
1194 2310 1301 2336 erant
1344 2314 1447 2336 arma
1483 2300 1526 2335 in
1555 2300 1711 2343 Urbem,

307 2362 408 2398 unde
426 2361 599 2397 translata
616 2361 763 2396 fuerant
780 2358 824 2393 ad
846 2368 994 2405 tempus
1022 2356 1141 2393 simul
1173 2369 1262 2394 cum
1290 2357 1415 2393 milite
1443 2358 1486 2394 in
1515 2356 1712 2393 coloniam

309 2421 540 2458 Ostiensem.
598 2419 637 2452 Si
668 2416 768 2463 legas
795 2428 883 2450 cum
917 2414 1092 2451 Oudend.
1124 2418 1287 2457 demitti,
1311 2415 1436 2463 quod,
1461 2415 1607 2458 miror,
1634 2413 1712 2463 pla-

307 2478 428 2515 cuisse
451 2477 567 2512 etiam
587 2473 757 2516 Wolfio,
783 2472 991 2509 contrarius
1017 2471 1179 2508 efficitur
1209 2484 1354 2516 sensus,
1388 2472 1495 2520 quasi
1524 2484 1626 2507 nunc
1653 2471 1715 2506 de·

306 2548 416 2571 mum
442 2534 592 2571 Ostiam
616 2530 753 2566 'cohors
777 2529 1028 2572 descenderit,
1059 2541 1153 2577 quae
1173 2539 1302 2565 contra
1330 2529 1420 2566 inde
1451 2528 1714 2565 revocabatur.

307 2594 488 2628 Ceterum
503 2617 512 2634 ,
537 2602 651 2638 quam
671 2585 838 2622 infelices
863 2585 1003 2620 fuerint
1035 2585 1076 2620 in
1098 2584 1316 2633 explicanda
1349 2585 1418 2621 hac
1442 2585 1604 2624 historia
1635 2583 1715 2621 viri

308 2649 437 2692 docti,
465 2648 552 2684 inde
572 2646 686 2683 etiam
708 2653 830 2692 patet,
858 2644 960 2689 quod
982 2641 1139 2677 Sulanus
1161 2643 1206 2678 ad
1225 2645 1417 2679 Plutarchi
1445 2643 1473 2678 l.
1499 2656 1549 2684 c.,
1579 2646 1716 2678 Romae

308 2717 344 2744 et
362 2712 401 2743 in
419 2710 549 2741 castris
570 2705 738 2743 urbanis,
764 2714 832 2735 non
856 2705 981 2733 Ouiae
1004 2712 1125 2734 ortam
1148 2712 1222 2735 esse
1252 2700 1347 2738 hanc
1374 2700 1619 2742 seditionem,
1646 2711 1717 2734 110·

312 2765 430 2807 tavit,
477 2762 687 2799 immemor
726 2756 936 2796 verborum
971 2755 1116 2794 Taciti:
1164 2759 1332 2803 „Urbem
1357 2770 1402 2794 ac
1430 2758 1616 2796 Palatium
1644 2770 1714 2805 pe·-

312 2825 444 2865 tant-‘2
