1859 3278
1342 201 1344 203 -
1412 171 1510 235 373

248 433 309 486 c.
378 437 766 487 SUETONII
836 436 1342 503 TRANQUILm

757 555 834 587 DE

92 638 742 703 ILLUSTRIBUS
826 639 1495 702 GRAMMATICIS

547 770 593 815 L
663 769 686 815 1
755 771 794 814 B
865 770 906 814 E
978 770 1038 815 R.

87 1052 167 1122 [1]
229 1017 619 1106 GRAMMATICA
656 1058 835 1103 Romae
865 1072 927 1102 ne
962 1056 1012 1101 in
1041 1073 1126 1102 usu
1150 1060 1337 1118 quidem
1359 1061 1490 1119 olim,

0 1171 22 1197 Γ
83 1141 257 1183 nedum
280 1138 328 1180 in
349 1136 528 1179 honore
554 1136 653 1179 ullo
675 1143 795 1178 erat:
834 1134 939 1178 rudi
969 1134 1149 1179 scilicet
1180 1153 1231 1180 ac
1271 1137 1492 1181 bellicosa

86 1210 223 1253 etiam
246 1217 345 1251 tum
369 1204 558 1248 civitate
576 1237 589 1262 ,
623 1206 821 1249 necdum
845 1220 1011 1263 magno
1037 1221 1179 1265 opere
1215 1206 1488 1251 liberalibus

87 1277 347 1338 disciplinis
394 1283 599 1319 vacante.
672 1275 865 1320 Initium
900 1288 1088 1333 quoque
1124 1277 1218 1335 ejus
1252 1277 1492 1321 mediocre

83 1348 291 1392 exstitit:
328 1343 557 1404 siquidem
585 1344 893 1402 antiquissimi
917 1345 1191 1403 doctorum,
1232 1348 1309 1405 qui
1349 1347 1491 1391 iidem

82 1427 126 1462 et
158 1419 325 1477 poetae
359 1423 404 1458 et
440 1422 647 1458 oratores
684 1414 954 1472 semigraeci
985 1424 1142 1470 erant,
1189 1416 1401 1471 (Livium
1445 1424 1489 1460 et

80 1487 287 1531 Ennium
321 1484 445 1528 dico:
486 1500 598 1542 quos
624 1492 820 1542 utraque
839 1485 1001 1541 lingua
1028 1485 1153 1527 domi
1178 1486 1383 1544 forisque
1408 1487 1490 1529 do-

82 1557 253 1612 cuisse,
292 1555 514 1598 adnotum
541 1557 628 1609 est)
649 1554 769 1596 nihil
806 1553 1005 1612 amplius
1043 1569 1178 1610 quam
1203 1555 1381 1598 Graeca
1418 1556 1488 1599 inu

80 1625 484 1685 terpretabantur:
531 1639 583 1665 ac
606 1622 642 1665 si
665 1623 773 1681 quid
799 1623 968 1665 Latine
990 1622 1079 1681 ipsi
1099 1625 1490 1683 composuissent,

79 1694 423 1755 praelegebant.
495 1693 650 1748 Nam,
690 1693 814 1749 quod
849 1692 1067 1735 nonnulli
1101 1695 1317 1750 tradunt,
1370 1696 1484 1738 duos

77 1766 225 1810 libros
247 1763 302 1807 de
327 1763 479 1806 literis
500 1761 816 1820 syllabisque,
853 1762 964 1804 item
998 1762 1053 1805 de
1091 1765 1282 1818 ῃιείνίε,
1319 1765 1374 1807 ab
1409 1781 1485 1807 eo-

81 1836 187 1879 dem
226 1832 380 1878 Ennio
417 1831 592 1886 editos,
631 1833 735 1888 jure
773 1830 925 1887 arguit
962 1830 1137 1875 Lucius
1179 1834 1341 1889 Cotta,
1388 1849 1485 1878 non

77 1905 271 1965 poetae,
317 1901 396 1944 sed
429 1899 703 1958 posterioris
734 1900 877 1942 Ennii
911 1913 1026 1942 esse:
1081 1902 1205 1958 cujus
1244 1903 1384 1946 etiam
1427 1903 1483 1948 de

78 1970 359 2033 augurandi
378 1969 637 2027 disciplina
663 1969 900 2012 volumina
928 1969 1154 2013 feruntur.

183 2036 262 2107 [2]
293 2039 476 2082 Primus
502 2038 675 2094 igitur,
713 2048 934 2096 quantum
963 2038 1238 2098 opinamur,
1277 2041 1483 2085 studium

76 2110 406 2172 grammaticae
433 2109 479 2150 in
501 2107 678 2150 Urbem
702 2107 861 2151 intulit
888 2109 1050 2152 Crates
1073 2109 1298 2154 Mallotes
1313 2144 1329 2165 ,
1366 2111 1480 2154 Ari-

77 2181 249 2227 starchi
279 2178 504 2236 aeq'ualiS‚
558 2177 635 2234 qui
671 2177 832 2220 missus
873 2179 930 2220 ad
965 2177 1187 2222 Senatum
1225 2182 1279 2222 ab
1316 2180 1480 2223 Attalo

78 2268 214 2310 rege,
264 2250 388 2292 inter
420 2248 674 2290 secundum
714 2263 766 2289 ac
803 2248 993 2291 tertium
1025 2249 1199 2292 bellum
1231 2250 1478 2308 Punicum,

76 2323 160 2366 sub
182 2321 329 2379 ipsam
355 2316 496 2359 Ennii
518 2325 731 2373 mortem,
771 2332 908 2374 quum
931 2317 1120 2375 regione
1146 2319 1333 2372 Palatii,
1370 2335 1479 2377 pro-

78 2389 232 2450 lapsus
258 2389 306 2431 in
329 2388 513 2430 cloacae
536 2386 742 2428 foramen
760 2419 774 2439 ,
813 2402 914 2430 crus
946 2387 1178 2445 fregisset,
1216 2404 1302 2447 per
1340 2403 1478 2432 omne

76 2458 322 2517 legationis
341 2456 480 2499 simul
504 2463 547 2498 et
568 2455 843 2511 valetudinis
864 2465 1059 2516 tempus,
1099 2458 1323 2516 plurimas
1346 2452 1480 2523 tineo.

77 2523 205 2579 οὲσεις
237 2527 429 2571 subinde
459 2525 594 2581 fecit,
645 2526 910 2584 assidueque
944 2526 1184 2584 disseruit,
1224 2543 1277 2570 ac
1306 2527 1476 2571 nostris

80 2598 302 2656 exemplo
334 2595 421 2638 fuit
458 2595 513 2637 ad
546 2593 836 2638 imitandum.
907 2596 1142 2639 Hactenus
1174 2605 1329 2640 tamen
1369 2596 1475 2639 imi-

77 2668 194 2724 tati,
230 2674 281 2710 ut
306 2664 510 2710 carmina
533 2680 701 2723 parum
722 2665 874 2709 adhuc
909 2666 1170 2724 divulgata,
1211 2667 1286 2712 vel
1315 2666 1477 2710 defun·

169 2811 346 2844 admotum
377 2806 447 2849 est]
496 2806 668 2844 Gronov.
690 2807 856 2845 correxit
878 2811 1098 2846 adnotatum
1124 2816 1198 2853 est,
1222 2804 1478 2857 probantibus

83 2864 260 2904 oudend.
279 2873 316 2900 et
332 2861 492 2901 Wolfio.
