1859 3278
497 150 995 198 titinnius:
1397 161 1455 207 62

53 275 197 344 inque
216 277 419 326 secundo
448 281 688 326 consulatu
710 291 875 327 natum
898 283 984 327 sibi
1000 317 1013 341 ,
1050 286 1301 345 parvulum
1325 292 1466 338 etiam

56 359 193 410 tum,⁴
216 361 272 412 ⁵et
302 348 472 407 militi,
512 367 599 409 pro
639 353 863 397 concione
892 354 1103 399 manibus
1143 358 1234 402 suis
1267 370 1465 421 g‹·stans‚

55 433 100 469 et
121 423 275 482 plebi,
312 436 395 480 per
417 423 681 479 spectacula
707 424 887 480 gremio
913 434 992 468 aut
1019 435 1123 470 ante
1161 444 1207 470 se
1243 430 1461 489 retinens,

57 493 236 539 assidue
262 491 644 549 commendabat,
676 493 928 552 faustisque
947 496 1160 540 omnibus
1185 514 1287 541 cnm
1315 502 1464 544 accla-

55 563 284 608 mantium
307 561 446 605 turba
470 563 851 619 prosequebatur.
925 565 964 608 E
1001 569 1183 623 generis
1224 570 1464 615 Neronem

56 632 322 692 adoptavit:
370 630 644 690 Pompeju'm
681 641 817 690 atque
854 634 1064 679 Silanum
1107 654 1199 681 non
1233 642 1464 685 recusavit

54 703 198 747 modo
215 735 228 760 ,
268 701 348 744 sed
372 709 416 743 et
442 701 694 747 interemit.
736 697 787 767 [2
799 698 851 768 ὅ]
876 705 1184 751 Libertorum
1209 711 1466 770 praecipue

53 772 264 832 suspexit
287 770 482 814 Posiden
516 771 802 830 spadonem,
842 790 977 832 quem
1011 778 1149 821 etiam
1187 779 1464 826 Britannico

54 841 297 901 triumpho
345 840 471 883 inter
515 840 741 886 militares
771 844 896 887 viros
933 846 1060 891 hasta
1093 864 1211 907 pura
1243 851 1464 895 donavit:

54 928 142 957 nec
165 911 320 955 minus
345 909 546 954 Felicem
563 943 578 970 ‚
619 926 756 970 quem
788 914 1058 960 cohortibus
1081 927 1128 961 et
1155 919 1239 963 alis
1271 921 1465 980 provin-

54 1053 294 1091 consulatum
326 1051 425 1088 adiit
458 1066 489 1088 a.
508 1060 610 1103 795.‚
642 1069 720 1104 quo
745 1070 844 1093 anno
874 1070 1006 1095 natum
1031 1062 1320 1106 Britannicum,
1346 1065 1469 1112 conji-

54 1112 130 1149 cias
149 1112 265 1147 etiam
286 1123 331 1145 ex
349 1114 460 1146 Dion.
483 1111 539 1155 60,
565 1123 618 1149 12.
647 1113 836 1150 Diversus
857 1118 970 1152 etiarn
999 1124 1168 1163 Tacitus,
1196 1121 1266 1168 qui
1285 1123 1383 1157 Ann.
1411 1133 1468 1167 12,

55 1173 113 1208 25.
138 1175 317 1207 Neronem
349 1169 490 1203 biennio
515 1176 686 1217 majorem
714 1176 949 1217 Britannice,
984 1187 1020 1211 et
1043 1186 1095 1220 13,
1125 1186 1181 1221 ¹5·
1209 1181 1303 1213 lzunc
1331 1193 1359 1213 a.
1380 1187 1466 1224 808.

54 1238 228 1277 quartum
246 1232 420 1264 decimum
441 1234 582 1265 aetatis
604 1243 742 1264 annum
765 1233 960 1277 explevisse
983 1233 1088 1270 dicit.
1114 1249 1152 1270 v.
1179 1248 1272 1283 quae
1303 1235 1347 1270 de
1379 1250 1468 1272 con-

55 1285 232 1322 vitiandis
261 1285 515 1335 scriptoribus
545 1286 783 1335 disputavere
800 1290 948 1325 Ernest.
978 1291 1024 1325 acl
1052 1292 1089 1326 h.
1110 1291 1136 1326 l.
1163 1302 1198 1326 et
1226 1291 1271 1326 ab
1311 1307 1354 1328 eo
1389 1294 1470 1330 lau-

54 1342 134 1378 dati
159 1343 404 1392 interpretes,
458 1343 630 1378 maxime
660 1342 780 1391 Ryck.
814 1345 860 1380 ad
894 1351 983 1382 Tac.
1014 1347 1039 1382 l.
1070 1361 1125 1387 c.,
1157 1359 1192 1383 et
1221 1350 1387 1387 Reimar.
1420 1353 1467 1387 ad

56 1402 200 1448 Xiphil.
217 1400 273 1441 61,
300 1413 315 1433 1
339 1411 375 1435 et
393 1409 428 1443 5.
454 1420 501 1426 —
547 1402 676 1436 Postea
705 1403 816 1437 militi
847 1415 891 1437 ex
910 1404 1001 1438 Mss.
1030 1416 1066 1439 et
1094 1406 1245 1442 assiduo
1279 1422 1364 1443 cum
1386 1411 1468 1446 No-

56 1458 139 1500 stri,
165 1467 248 1492 tum
267 1455 431 1492 aliorum
451 1470 522 1492 usu
540 1457 797 1505 praetulerunt
815 1458 921 1508 vulg.
943 1462 1120 1497 mlitibus
1129 1464 1221 1498 Ern.
1241 1476 1276 1500 et
1288 1467 1468 1507 Oudend.

151 1519 330 1551 Neronem
359 1516 572 1561 adoptavet]
619 1519 693 1551 Dio
713 1516 772 1558 60,
803 1525 862 1559 53.
888 1517 949 1554 τὸν
977 1518 1130 1565 Νέρωνα
1159 1521 1218 1557 τᾶν
1252 1521 1326 1560 υἶόν
1358 1524 1468 1571 αὐτῆς

59 1572 323 1621 (Agrippinae)
344 1570 578 1617 εἷςεποιὴσατό
601 1588 638 1609 τε
663 1573 721 1609 καὶ
744 1576 912 1621 γαμβρὸν
933 1577 1135 1622 ἐποιήσατο.
1163 1592 1202 1614 v.
1225 1593 1348 1628 supra.
1379 1588 1466 1619 Tac.

57 1639 114 1673 12,
135 1638 192 1673 25.
222 1655 246 1672 „
263 1628 307 1663 C.
328 1630 519 1672 Antistio,
547 1630 605 1668 M.
625 1632 750 1667 Suilio
770 1633 847 1668 Css.
872 1634 1030 1682 adoptio
1061 1635 1104 1671 in
1121 1637 1369 1684 Domitium,
1402 1655 1468 1678 au-

55 1688 230 1723 ctoritate
254 1684 432 1722 Pallantis
446 1711 456 1725 ,
483 1687 682 1724 festinatur
699 1694 839 1739 sequ.“
869 1693 912 1728 Α.
934 1693 1013 1728 803.

148 1744 274 1791 Pomp.
291 1754 405 1792 atque
420 1747 585 1782 Silanum
606 1766 649 1775 —
667 1750 867 1797 interemit]
899 1764 938 1785 v.
959 1762 990 1785 e.
1013 1760 1072 1799 29.

149 1804 398 1847 Libertorum]
433 1807 555 1838 Senec.
577 1803 738 1853 Apocol.
763 1833 787 1850 ,‚
802 1807 1071 1843 Convolarunt
1088 1810 1261 1857 primum
1285 1814 1467 1852 omnium

56 1858 210 1903 liberti,
235 1860 440 1909 Polybius,
465 1864 632 1910 Myron,
652 1864 887 1912 Harpocras,
911 1866 1125 1914 Amphaeus
1152 1880 1188 1904 et
1205 1871 1465 1918 Pheronactes,

56 1929 152 1965 quos
174 1929 325 1962 omnes,
354 1920 494 1956 necubi
510 1921 716 1968 imparatus
737 1933 847 1965 esset,
874 1924 1126 1972 praemiserat.
1140 1930 1165 1946 “
1194 1929 1255 1964 De
1275 1929 1335 1965 his
1354 1930 1469 1967 liber·

55 1974 104 2011 tis
125 1987 162 2010 v.
177 1975 344 2012 maxime
363 1977 471 2014 Fabr.
492 1977 538 2012 ad
560 1982 670 2014 Dion.
691 1980 745 2022 60,
765 1989 799 2014 2.

147 2037 320 2082 Posiden]
396 2039 544 2071 Posides
572 2039 687 2082 spado
714 2049 952 2074 memoratur
983 2041 1096 2076 etiam
1130 2045 1299 2080 Juvenal.
1323 2052 1378 2089 14,
1406 2060 1465 2095 9¹·

57 2099 94 2125 et.
121 2092 216 2126 Plin.
235 2100 294 2136 51,
327 2104 362 2127 2.
395 2094 464 2142 qui
493 2093 658 2129 balineas
687 2095 729 2129 in
759 2096 900 2142 Baiano
929 2103 1147 2135 Posidianas
1172 2114 1324 2139 vocatas
1352 2104 1462 2148 dicit,

55 2148 215 2184 nomine
232 2160 382 2197 accepto
414 2163 434 2184 a
457 2150 610 2186 Claudii
632 2153 796 2190 Caesaris
823 2153 976 2191 liberto.
1023 2158 1084 2194 De
1101 2164 1211 2196 [ωδ-ια
1223 2176 1341 2208 pura,
1372 2163 1411 2198 h.
1431 2177 1464 2198 e.

56 2203 158 2242 ferro
180 2219 259 2242 non
278 2218 430 2250 armata,
465 2209 624 2257 ἇσιὸἠρῳ
639 2237 649 2252 ,
679 2223 706 2246 s.
729 2215 912 2254 donatica,
938 2226 977 2250 v.
996 2220 1123 2252 Rosin.
1140 2221 1227 2254 Ant.
1244 2220 1290 2254 R.
1322 2233 1359 2268 p.
1384 2228 1464 2265 750.

57 2272 94 2298 et
114 2263 199 2308 761.
219 2275 255 2300 et
273 2265 429 2313 interpr.
448 2266 494 2301 ad
518 2268 654 2316 Vergil.
677 2271 767 2305 Aen.
790 2271 823 2314 6,
847 2273 927 2315 760.

153 2323 326 2370 Felicem]
385 2323 478 2359 Tac.
496 2324 597 2361 Hist.
617 2334 651 2369 5,
674 2339 709 2375 9.
733 2328 972 2373 „Claudius,
999 2330 1186 2369 defunctis
1202 2335 1377 2383 regibus,
1401 2346 1466 2371 aut

59 2378 333 2420 ad-modicum
365 2382 543 2424 redactis,
577 2383 756 2421 Judaeam
785 2387 1025 2434 provinciam
1053 2391 1258 2439 Equitibus
1278 2394 1464 2428 Romanis

59 2446 124 2471 aut
151 2435 301 2472 libertis
330 2440 517 2486 permisit.
549 2454 568 2475 e
595 2442 735 2489 quibus
755 2444 945 2481 Antonius
961 2445 1085 2489 felix,
1115 2462 1182 2496 per
1206 2463 1360 2485 ornnem
1391 2464 1464 2485 sae·

59 2492 198 2528 vitiam
220 2507 260 2530 ac
277 2493 480 2531 libidinem
497 2521 509 2538 ,
532 2497 592 2542 jus
612 2500 761 2547 regium
795 2501 926 2536 servili
960 2504 1115 2551 ingenio
1146 2510 1334 2549 exercuit,
1361 2511 1465 2544 Dru-

59 2549 164 2594 silla,
192 2552 413 2601 Cleopatrae
436 2564 473 2588 et
490 2555 649 2590 Antonii
669 2569 799 2605 nepte,
827 2559 868 2593 in
896 2564 1191 2599 matrimonium
1225 2576 1393 2613 acceptu
1421 2576 1466 2602 ut

61 2608 231 2653 ejusdem
265 2610 426 2645 Antonii
449 2612 555 2646 Felix
582 2627 786 2663 progener,
821 2618 1004 2654 Claudius
1032 2634 1148 2668 nepos
1176 2625 1315 2658 esset.“
1363 2626 1466 2661 Haec

60 2666 254 2710 Drusilla,
283 2681 392 2704 soror
413 2668 641 2714 Ptolemaei,
671 2674 715 2707 de
740 2687 816 2721 quo
846 2674 990 2711 dictum
1022 2678 1066 2712 ad
1087 2679 1208 2727 Calig.
1228 2680 1311 2724 26.‚
1338 2682 1464 2729 prima.

61 2722 194 2759 Felicis
223 2725 297 2761 fuit
324 2738 422 2762 uxor
449 2727 576 2775 stirpis
604 2730 749 2777 regiam
782 2731 895 2768 altera
920 2734 1115 2775 Drusilla,
1150 2737 1248 2783 regis
1276 2740 1464 2788 Agrippae

59 2791 186 2825 soror,
216 2782 260 2817 de
279 2797 350 2831 qua
370 2797 406 2819 v.
428 2785 511 2819 Aet.
535 2790 607 2832 Ap.
625 2796 683 2829 24,
705 2796 760 2833 24.
781 2800 816 2824 et
839 2794 980 2838 Joseplz.
997 2796 1083 2826 Ant.
1106 2804 1167 2831 20,
1189 2801 1244 2836 5.,
1273 2796 1341 2843 qui
1359 2799 1464 2846 prio-

57 2836 93 2873 ri
120 2841 260 2877 marito
289 2841 429 2884 Azizo‚
461 2844 737 2881 Emesenomm
767 2847 870 2894 regi,
908 2848 1109 2885 abductam
1145 2862 1272 2888 narrat
1299 2866 1368 2903 per
1394 2856 1462 2895 Ju-
